2097 3062
419 223 465 256 88
1008 218 1048 255 P.
1077 219 1123 254 M.
1153 218 1349 262 LUNDELL,

903 370 984 406 XII.
1039 370 1338 406 DOCIDIUM
1366 369 1470 405 Breb.

734 447 778 482 (in
804 446 894 477 Ralfs
920 447 996 478 Brit.
1021 446 1165 477 Desmid.
1191 457 1265 487 pag.
1294 447 1369 485 1553
1399 450 1484 476 mut.
1511 445 1639 481 chain).

523 539 676 575 Cellulae
718 544 842 584 rectae,
880 540 987 575 valde
1021 541 1218 586 elongatae,
1256 540 1374 575 medio
1408 539 1536 574 leviter
1564 539 1787 584 constrictae,
1817 541 1896 575 basi
1925 541 2005 587 ipsa

369 599 670 635 scmieellularum
711 598 849 643 inflata,
892 599 1290 645 longitudinaliter
1329 599 1516 646 plicata;
1559 610 1580 632 a
1624 599 1757 634 vertice
1799 599 2005 635 circulares.

370 658 496 694 Massa
540 657 857 704 chlorophyllaeea
898 659 1049 703 axilis,
1093 659 1230 694 nucleis
1272 658 1468 705 amylaccis
1503 657 1539 692 in
1573 658 1702 692 scriem
1737 669 1842 693 unam
1877 659 2006 694 axilem

371 716 575 764 dispositis,
615 715 759 750 laminis
802 718 901 752 2-4
939 717 1032 753 inter
1066 729 1105 752 se
1140 718 1221 753 laxe
1256 717 1443 759 connexis,
1482 727 1580 763 saepe
1618 716 1809 759 flexuosis,
1843 717 2004 753 locello

367 776 592 823 sphaerico
621 775 795 821 apieali
829 776 961 812 nullo.

436 863 464 894 1.
519 859 566 894 D.
601 858 784 894 BACULUM
822 860 928 895 Breb.
965 861 1014 907 (in
1048 860 1152 896 Ralfs
1180 860 1266 894 Brit.
1297 859 1459 896 Dcsmid.
1490 872 1571 907 pag.
1606 863 1693 905 158,
1724 861 1795 895 tab.
1823 861 2003 903 XXXIII,

620 918 682 964 fig.
718 921 758 964 ὃς
798 918 1038 954 PC‘lostm-imn
1075 920 1254 954 Baculum
1285 919 1389 953 b‘reb.
1426 919 1509 964 Alg.
1548 920 1695 954 Falaise
1724 931 1808 966 pag.
1841 921 1903 963 59,
1932 920 2003 955 tab.

622 977 728 1021 VIII,
765 989 835 1014 see.
873 978 976 1014 Ralfs
1012 979 1032 1015 l.
1067 990 1114 1024 c,
1149 989 1227 1013 nec
1267 978 1481 1013 Pleno-orma.
1514 980 1692 1013 Baculum
1721 977 1834 1014 Cleve
1867 978 2005 1025 Bidrag

625 1048 708 1083 pag.
738 1039 838 1083 494).

521 1104 616 1139 [lab
660 1105 694 1139 in
732 1105 874 1152 ”Norby
909 1104 1025 1149 skog''
1060 1115 1172 1150 prope
1206 1104 1399 1151 Upsaliam
1438 1109 1473 1140 et
1500 1104 1544 1139 ad
1574 1105 1836 1151 Bcrgsbrunna
1864 1105 1898 1140 in
1926 1105 2002 1152 Up-

366 1163 499 1199 landia.
553 1163 594 1198 In
623 1162 860 1209 Ostrogothia
885 1163 930 1198 ad
959 1163 1132 1209 Bolltorp.
1186 1163 1226 1198 In
1255 1162 1464 1199 Smolandia
1492 1163 1537 1198 ad
1567 1164 1714 1209 chsjo
1745 1169 1780 1199 et
1808 1164 1946 1211 Riippe.

518 1230 616 1261 Plicae
648 1230 914 1261 semicellnlarum
946 1231 1075 1262 basales
1106 1235 1205 1271 (quae,
1237 1230 1297 1261 hae
1328 1231 1357 1262 in
1391 1232 1499 1271 speeie
1525 1231 1563 1261 al)
1593 1231 1778 1262 auctoribus
1804 1242 1865 1263 non
1891 1232 2001 1263 obser-

367 1286 466 1318 vataz,
502 1282 533 1312 iu
570 1281 672 1321 figura
707 1292 725 1311 a
762 1283 799 1312 cl.
831 1282 947 1313 RALFS
980 1283 997 1313 1.
1030 1292 1054 1313 c.
1087 1282 1161 1313 (lata
1193 1283 1318 1322 punetis
1344 1283 1504 1313 nonnullis
1531 1283 1693 1313 lmsalibus
1719 1283 1910 1322 significatae
1935 1284 2004 1314 sine

367 1333 463 1364 (lubio
501 1336 603 1372 sunt),
635 1333 728 1373 hujus
763 1333 893 1373 generis
925 1334 1078 1374 propriae,
1106 1334 1246 1373 speciem
1272 1333 1504 1363 tubereulorum
1530 1334 1671 1367 (circiter
1699 1335 1750 1370 15)
1777 1334 2002 1365 minutissimo-

367 1395 434 1415 rum
460 1395 525 1426 pra}
550 1393 585 1415 se
610 1384 752 1415 ferentes
777 1384 865 1419 (vide
891 1384 952 1415 tab.
979 1385 1013 1424 V,
1039 1385 1091 1425 fig.
1119 1385 1198 1424 121),
1220 1384 1371 1425 optimum
1397 1384 1617 1415 characterem
1645 1385 1829 1424 generieum
1855 1386 2004 1426 praebent.

367 1435 430 1467 Cfr.
461 1445 500 1466 ea
528 1445 598 1475 qnae
630 1434 689 1465 hoe
720 1435 760 1466 de
791 1445 911 1475 genere
935 1446 954 1466 a
978 1437 1195 1467 lerrotoenio
1221 1440 1252 1466 et
1275 1437 1372 1466 Penio
1397 1437 1519 1465 minuto
1550 1435 1765 1467 discernendo
1792 1445 1891 1476 supra
1915 1436 2004 1477 (pag.

367 1488 467 1527 445)
494 1486 659 1526 disputata
684 1487 772 1517 sunt!

521 1545 705 1586 Speeimina
742 1546 921 1586 exsiccata,
958 1557 1041 1587 quae,
1081 1547 1138 1578 sub
1171 1547 1299 1578 nomine
1332 1548 1377 1577 Ι).
1406 1547 1525 1577 Baculz'
1549 1557 1568 1577 a
1592 1546 1630 1576 cl.
1656 1546 1855 1577 ssnssmssox
1880 1546 2004 1586 dedita,

368 1607 491 1629 mecum
516 1597 820 1628 benevolentissime
850 1598 1096 1628 communicavit
1125 1598 1183 1629 ecl.
1215 1597 1299 1628 Prot'.
1330 1597 1367 1628 E.
1395 1597 1518 1636 Fums,
1550 1597 1644 1638 plicis
1676 1598 1739 1628 illis
1765 1598 1927 1629 basalibus
1952 1607 2005 1628 ca-

367 1652 437 1681 rent
461 1652 492 1679 et
516 1647 555 1678 ab
581 1648 635 1678 illa
660 1648 784 1688 speeie,
810 1658 904 1688 quam
930 1650 1046 1680 RALFS
1065 1649 1083 1679 l.
1100 1659 1125 1680 e.
1145 1649 1332 1686 delineavit,
1351 1649 1446 1688 longe
1467 1649 1595 1679 divorsa
1613 1649 1680 1679 veri
1698 1653 1771 1679 sunt
1788 1650 2006 1680 Pleurotoenii.

433 1728 465 1760 2.
519 1724 565 1760 D.
603 1734 814 1760 DILATATUM
857 1724 999 1771 (Cleve)
1043 1726 1335 1773 (Pleurotoeniwn
1378 1726 1565 1761 dilatatum
1600 1723 1712 1760 Cleve
1748 1725 1887 1771 Bidrag
1922 1736 2005 1772 pag.

625 1786 715 1827 494,
746 1785 815 1819 tab.
845 1784 907 1827 IV,
937 1785 997 1831 fig.
1029 1788 1076 1833 ss).

521 1851 614 1886 Tab.
645 1851 689 1894 V,
719 1852 780 1897 fig.
814 1854 869 1886 12.

523 1918 620 1953 Hal».
649 1918 683 1953 in
714 1918 899 1965 Uplandia
931 1919 977 1954 ad
1006 1920 1277 1965 Bcrgsbrunna.
1330 1920 1370 1954 In
1401 1918 1638 1964 Ostrogothia
1664 1918 1709 1954 ad
1739 1919 1910 1966 Bolltorp.
1966 1919 2007 1954 In

371 1977 582 2014 Smolandia
610 1977 655 2012 ad
684 1976 872 2026 Unnaryd.

525 2044 616 2076 Obs.!
647 2045 683 2075 In
708 2045 811 2084 figura
834 2056 853 2076 a
878 2046 915 2076 cl.
942 2045 1061 2076 Cnlfivr:
1086 2045 1103 2075 l.
1131 2055 1155 2075 c.
1181 2044 1255 2075 (lata
1286 2045 1377 2086 plicae
1403 2044 1534 2075 basales
1559 2044 1691 2082 desunt,
1717 2043 1775 2075 sed
1801 2045 1833 2075 in
1859 2044 2007 2084 diagnosi

369 2099 442 2128 sunt
466 2096 586 2127 diserte
612 2100 880 2128 commemoratae.

412 2173 465 2208 ²²²3.
520 2172 565 2208 D.
595 2181 728 2207 NOBILE
759 2172 932 2220 (Richter)
963 2173 1256 2219 (Pleno-omnium
1285 2173 1394 2207 nobile
1421 2172 1567 2207 Richter
1599 2172 1634 2206 in
1666 2171 1863 2217 Hedwigia
1899 2173 2005 2215 1865,

627 2243 701 2278 pag
734 2233 821 2276 129Ί
852 2245 880 2267 o.
911 2233 1035 2277 Ieone,
1065 2231 1228 2267 Rabenh.
1257 2231 1340 2277 Alg.
1369 2231 1453 2266 Eur.
1483 2231 1550 2266 N:o
1584 2232 1680 2266 1570
1710 2234 1744 2265 et
1776 2230 1918 2278 18461).

522 2299 640 2344 Long.
671 2301 791 2339 Qooesr'
812 2322 843 2334 22
869 2302 938 2335 175
967 2312 1012 2347 μς
1041 2300 1118 2334 Lat.
1150 2301 1288 2342 ()‚o‹)055'‘
1312 2322 1339 2332 Σ
1366 2301 1411 2333 14
1438 2314 1478 2346 μ.

526 2367 623 2401 Hah.
650 2367 684 2402 in
714 2368 923 2403 §uiolandia
951 2367 996 2402 ad
1025 2367 1175 2413 Huseby
1205 2366 1378 2414 (CLEVE).

521 2434 549 2464 A
570 2434 678 2474 speeie
698 2435 793 2474 priori
811 2434 917 2465 differt
934 2434 1079 2474 apicibus
1098 2434 1149 2464 vix
1168 2433 1324 2473 dilatatis,
1345 2431 1552 2463 semioellulis
1572 2430 1763 2470 regulariter
1782 2431 2005 2462 undulato-no-

372 2484 461 2515 dosis
492 2488 523 2515 et
552 2485 707 2525 imprimis
733 2486 917 2516 membrana
941 2489 1008 2516 tota
1032 2485 1188 2516 subtiliter
1215 2490 1245 2516 et
1275 2484 1469 2515 densissime
1494 2481 1770 2521 longitudinaliter
1794 2482 1930 2522 plicata,
1954 2481 2006 2521 qui

372 2536 548 2574 character,
584 2546 603 2566 a
634 2536 671 2566 cl.
705 2536 946 2568 RABENUORST
975 2536 1037 2575 (ΕΙ.
1063 2536 1136 2566 Eur.
1158 2536 1229 2576 Alg.
1256 2546 1330 2576 pag.
1360 2536 1434 2575 142)
1460 2534 1492 2564 in
1518 2533 1735 2573 descriptione
1767 2532 1859 2574 hujus
1888 2531 2008 2573 speciei

375 2587 534 2627 omissus,
561 2587 627 2617 scre
652 2587 738 2618 solus
765 2588 806 2618 ad
832 2588 890 2619 has
916 2588 1042 2629 species
1067 2587 1149 2618 inter
1174 2596 1208 2618 se
1232 2586 1480 2626 distinguendas
1513 2588 1685 2625 suppetere
1710 2584 1844 2615 videtur.
