2097 3062
700 206 760 241 DE
788 206 1072 242 DEsnmrAems.
1604 210 1650 244 59

72 308 198 349 angulis
228 309 324 349 longe
353 306 545 349 cuspidatis,
571 308 728 347 recurvis,
757 307 971 347 lateribusque
996 307 1118 338 cellulae
1142 317 1160 339 e
1185 308 1304 340 vertice
1329 308 1407 340 visae
1430 309 1594 340 levissime
1613 301 1704 340 ‘retu-

74 360 132 400 sis3
157 363 313 400 praeterea
337 359 438 400 majus
463 362 524 398 est,
550 358 718 390 latitudine
742 359 864 390 eellulae
889 358 1122 398 longitudinem
1147 362 1260 399 quarta
1284 364 1375 400 parte
1400 363 1582 401 superante.

227 420 441 458 Plzjscastrum
471 418 718 459 (Staurastrum)
742 419 910 448 cristatum
939 419 1021 458 Nag.
1046 418 1146 457 (Gratt.
1172 418 1297 450 einzell.
1327 419 1399 459 Alg.
1431 430 1505 460 pag.
1540 420 1613 456 127,
1637 419 1700 451 tab.

72 470 161 510 VIII,
199 471 238 511 G,
275 470 327 510 fig.
364 473 397 510 1)
425 480 444 501 a
471 474 581 501 nostra
612 470 720 511 speeie
749 469 843 500 facile
872 469 1072 509 dignoscitur
1100 469 1306 501 semieellulis
1337 470 1565 510 subelliptieis,
1603 470 1701 502 dorso

71 522 134 552 alte
158 531 313 560 conver
340 521 381 552 ad
411 522 547 561 angulos
577 521 698 552 aculeis
730 520 848 560 obsito,
874 521 1027 552 lateribus
1052 521 1175 552 cellulae
1199 531 1218 552 a
1242 521 1361 552 vertice
1385 521 1464 553 visae
1488 522 1601 553 leviter
1625 532 1699 553 eon-

72 573 160 603 vexis
184 573 374 613 angulisque
399 573 521 604 obtusis
546 573 658 603 aculeo
683 571 940 612 superimposito.

112 651 167 683 11.
222 648 256 685 S.
292 658 515 684 BREVISPlNA
553 648 658 683 Breb.
701 649 750 694 (in
784 648 950 694 Menegh.
984 648 1138 696 Synops.
1172 662 1256 697 pag.
1295 652 1383 696 2293
1417 650 1453 685 iu
1481 649 1584 685 Ralfs
1611 649 1700 685 Brit.

324 707 486 743 Desmid.
514 719 598 754 pag.
631 709 717 750 124,
746 707 816 742 tab.
845 706 1018 752 XXXIV,
1048 708 1108 754 fig.
1140 709 1186 754 7).

224 783 320 819 Hah.
350 782 394 818 ad
422 782 599 830 Unnaryd
627 787 662 818 et
689 782 817 829 Rappe
845 782 881 818 in
909 782 1126 819 Smolandia.

71 867 169 902 sssslss.
223 866 259 903 S.
286 876 461 902 AVERSUM
488 878 566 902 nov.
596 878 648 914 sp.
677 867 730 913 (S.
761 867 955 914 brevispz‘mz
984 866 1095 903 Cleve
1126 867 1279 914 Bidrag,
1308 880 1391 915 pag.
1421 871 1520 914 489).

223 934 258 970 S.
291 933 486 978 mediocre,
523 933 697 969 diametro
730 935 805 969 fere
839 939 965 980 quarta
993 939 1094 982 parte
1121 935 1281 980 longius,
1312 935 1590 982 profundissime
1619 946 1702 971 con-

71 993 245 1037 strictum,
282 992 361 1028 sinu
395 993 628 1039 aeutangulo,
662 993 768 1028 valde
801 993 988 1040 ampliato,
1022 993 1255 1029 semieellulae
1289 994 1440 1030 obverse
1469 994 1701 1041 elliptieo-se-

71 1052 329 1094 micirculares,
366 1051 472 1087 dorso
505 1056 680 1087 truncatae
712 1052 769 1087 vel
803 1052 987 1087 levissime
1021 1058 1167 1095 retusae,
1203 1056 1328 1088 ventre
1353 1052 1424 1088 alte
1452 1064 1637 1098 convexae,
1666 1053 1702 1088 in

70 1116 217 1158 utroque
258 1111 339 1157 polo
378 1110 565 1146 rotundato
600 1111 742 1158 spinula
773 1111 1012 1147 minutissima
1051 1111 1350 1158 subpapilliformi
1385 1116 1537 1157 ornatae;
1572 1123 1591 1147 e
1619 1124 1701 1148 ver-

70 1171 138 1207 tice
166 1172 255 1206 visae
282 1169 454 1215 trigonae,
482 1170 626 1215 angulis
655 1170 1050 1215 truueato-rotundafis,
1086 1171 1229 1217 spinula
1254 1170 1469 1206 brevissima
1501 1171 1701 1216 instructis,

70 1230 241 1266 lateribus
269 1228 452 1264 levissime
480 1229 622 1264 retusis.
678 1229 847 1265 Latitudo
876 1229 997 1264 isthmi
1025 1229 1207 1275 quadrans
1236 1229 1400 1265 diametri
1428 1230 1701 1276 longitudinalis

70 1290 218 1326 cellulae.
272 1288 482 1323 Membrana
510 1288 744 1324 subtilissime
771 1293 949 1335 punetata.

221 1365 338 1411 Long.
367 1367 540 1408 ΟΜΝ-*Υ
560 1385 591 1397 =
615 1366 764 1399 43—52
783 1377 830 1412 μ;
856 1364 936 1399 Lat.
957 1366 1166 1407 0,0014-165'‘
1187 1386 1219 1399 τ,
1241 1365 1390 1400 36-42
1409 1377 1454 1413 μς
1480 1364 1560 1401 Lat.
1580 1364 1702 1400 isthmi

70 1426 279 1468 0,00043-43‘'
300 1447 331 1458 =
357 1425 532 1467 11—12,3
558 1439 599 1471 μ.
627 1445 677 1450 —-
705 1423 796 1458 Tab.
824 1423 893 1468 III,
923 1423 982 1469 fig.
1014 1425 1071 1458 27.

224 1500 320 1535 Hah.
349 1499 394 1535 ad
423 1499 682 1546 Bergsbrunna
707 1499 743 1534 in
771 1499 967 1546 Uplandia.
1020 1498 1079 1534 Ad
1106 1498 1282 1546 Unuaryd
1310 1499 1346 1534 in
1374 1498 1593 1535 Smolandia.

226 1577 253 1607 A
289 1576 397 1617 speeie
431 1575 528 1616 priori
564 1574 670 1605 differt
698 1575 903 1606 semieellulis
935 1577 1045 1606 ventre
1070 1574 1134 1606 alte
1160 1575 1328 1614 convexis,
1355 1574 1450 1606 dorso
1473 1575 1628 1606 truncatis
1653 1575 1704 1606 vel

71 1628 233 1659 levissime
267 1628 399 1666 retusis,
437 1637 454 1657 a
490 1626 609 1657 vertice
639 1630 745 1657 autem
776 1627 877 1657 visum
904 1626 1030 1665 angulis
1057 1626 1272 1657 subtruneatis
1297 1627 1514 1666 lateribusque
1538 1626 1704 1658 levissime

73 1679 205 1719 retusis3
231 1683 386 1720 praeterea
411 1677 611 1709 latitudinem
636 1677 758 1708 cellulae
783 1676 982 1717 longitudine
1013 1677 1139 1708 circiter
1166 1677 1277 1718 quinta
1304 1681 1394 1718 parte
1419 1678 1574 1709 minorem
1598 1677 1705 1710 habet.

92 1756 170 1791 ³²13.
226 1755 260 1791 S.
292 1763 540 1790 MUCRONA'I‘UM
579 1754 682 1789 Ralfs
723 1754 775 1800 (S.
809 1761 1057 1789 mzoeronatum
1094 1768 1127 1790 οι.
1161 1758 1196 1789 et
1226 1769 1263 1800 y.
1297 1754 1402 1790 Ralfs
1432 1755 1467 1789 in
1500 1754 1641 1790 Annals
1670 1755 1710 1790 Of

328 1813 408 1849 Nat.
438 1813 530 1849 Hist.
559 1813 626 1848 vol.
653 1813 734 1857 XV,
768 1825 851 1859 pag.
884 1815 969 1856 152,
998 1813 1068 1848 tab.
1097 1812 1146 1857 X,
1175 1813 1237 1859 fig.
1266 1815 1304 1859 5,
1334 1825 1404 1850 sec.
1432 1813 1553 1859 Ralfs,
1585 1814 1622 1850 S.
1648 1814 1704 1848 de-

319 1873 450 1919 jectum
479 1871 518 1914 β.
548 1877 582 1907 et
609 1887 645 1919 γ.
674 1872 760 1907 Brit.
790 1872 952 1908 Desmid.
981 1883 1064 1918 pag.
1098 1873 1185 1915 121,
1216 1872 1285 1908 tab.
1314 1872 1401 1917 XX,
1431 1872 1492 1918 fig.
1519 1874 1540 1907 5
1568 1873 1605 1917 b,
1635 1875 1680 1918 e).

229 1949 326 1983 Hah.
355 1948 401 1983 ad
428 1948 605 1995 Unnaryd
634 1952 669 1983 et
696 1948 824 1995 Rappe
851 1948 886 1983 in
914 1948 1131 1984 Smolandia.

232 2034 247 2043 η

117 2037 172 2070 14.
227 2038 261 2069 b.
285 2041 477 2069 DEJECTL‘M
504 2032 608 2068 Breb.
638 2033 688 2078 (in
715 2033 881 2079 Meuegh.
910 2032 1064 2080 Syuops.
1085 2045 1168 2080 pag.
1191 2034 1281 2078 2273
1303 2032 1340 2068 S.
1361 2033 1528 2078 dejectmn
1548 2048 1582 2071 οι.
1603 2033 1706 2070 Ralfs

328 2092 415 2127 Brit.
444 2091 606 2127 Desmid.
634 2103 719 2138 pag.
752 2093 839 2133 121,
866 2093 937 2128 tab.
963 2092 1049 2135 XX,
1079 2092 1139 2138 fig.
1169 2094 1190 2127 5
1216 2094 1262 2138 a).

228 2161 323 2195 Hah.
363 2160 408 2195 ad
449 2159 611 2205 Bolltorp
645 2159 680 2194 in
715 2158 961 2206 Ostrogothia.
1028 2159 1086 2195 Ad
1119 2160 1271 2207 Huseby
1306 2158 1704 2207 (CLEVE),U1u1aryd,

74 2220 220 2266 Femsjo
249 2224 283 2254 et
311 2219 438 2265 Rappe
466 2218 502 2253 in
530 2217 747 2254 Smolandia.

227 2303 284 2346 ἓξβ.
314 2312 548 2340 APICULATUM
578 2303 630 2349 (S.
659 2304 874 2350 (tpz'culatum
903 2304 1008 2339 Breb.
1037 2303 1140 2339 Liste
1171 2315 1255 2350 pag.
1286 2305 1373 2349 142,
1405 2303 1474 2340 tab.
1495 2303 1521 2347 I,
1548 2303 1609 2349 fig.
1632 2305 1705 2349 23).

226 2372 342 2418 Long.
372 2384 398 2409 s.
428 2371 516 2408 aeul.
546 2372 667 2414 0,0007“
688 2385 719 2398 =
744 2374 787 2406 18
812 2384 858 2419 μ;
887 2371 967 2406 Lat.
986 2392 1018 2404 =
1039 2370 1156 2416 Long.

228 2440 325 2476 Hah.
365 2440 400 2474 in
442 2439 607 2485 ’'Lassby
649 2439 803 2474 baekar”
836 2450 948 2486 prope
982 2438 1171 2485 Upsaliam
1207 2437 1380 2484 (CLEVE).
1441 2437 1498 2473 Ad
1528 2436 1708 2484 Carlberg

74 2509 185 2545 prope
226 2499 406 2534 Holmiam
448 2497 618 2544 (CLEVE).
687 2497 741 2533 Ad
786 2497 947 2545 Bolltorp
990 2498 1024 2532 in
1060 2496 1306 2543 Ostrogothia.
1367 2495 1425 2531 Ad
1460 2496 1638 2544 Unuaryd
1671 2497 1707 2532 in

74 2556 292 2593 Smolandia.
