2097 3062
69 1082 246 1156 Studium
283 1113 430 1148 familiae
457 1112 791 1149 Desmidiacearuin
820 1112 900 1148 aliis
928 1113 963 1147 in
988 1112 1093 1148 terris
1112 1111 1253 1158 jamdiu
1281 1110 1428 1156 vigebat
1451 1109 1687 1157 florebatque,

67 1188 175 1224 quum
194 1174 235 1209 61.
257 1173 298 1208 P.
317 1172 387 1208 ΤΗ.
407 1171 537 1208 CLEVE
558 1172 782 1219 opusculum,
804 1171 898 1218 quod
917 1171 1074 1217 ”Bidrag
1092 1171 1146 1206 till
1164 1169 1415 1206 kannedomen
1440 1181 1495 1204 om
1516 1169 1689 1215 Sveriges

65 1232 372 1278 sotvattensalger
399 1232 440 1266 af
462 1232 620 1277 familjen
649 1231 888 1267 Desmidieae”
916 1231 1135 1274 inscribitur,
1163 1229 1291 1277 paucis
1319 1234 1400 1264 ante
1429 1229 1533 1264 annis
1558 1228 1687 1274 edidit,

62 1296 98 1331 in
138 1304 207 1340 quo
249 1291 392 1338 species
415 1291 492 1337 jam
521 1291 702 1337 cognitas,
732 1302 821 1337 quas
850 1291 917 1326 hac
945 1291 980 1325 in
1014 1294 1110 1325 terra
1150 1290 1351 1332 invenerat,
1394 1288 1547 1334 adjectis
1575 1291 1598 1323 4
1626 1300 1688 1324 no-

62 1354 136 1398 vis,
166 1353 211 1388 ab
239 1350 300 1386 illo
332 1349 500 1394 detectis,
530 1350 761 1385 enumeravit.
815 1350 895 1386 Non
925 1349 1034 1385 multo
1061 1354 1143 1396 post
1181 1348 1356 1395 opuscula
1391 1347 1460 1383 duo
1492 1348 1590 1384 foras
1629 1347 1691 1383 da-

62 1418 100 1449 ta
138 1415 235 1456 sunt,
278 1410 445 1451 alterum,
488 1408 644 1454 '’Bidrag
671 1409 724 1444 till
752 1409 1002 1444 kannedomen
1030 1420 1086 1444 om
1115 1407 1288 1454 Sveriges
1314 1407 1567 1453 Desmidicae⁷’,
1596 1408 1690 1444 Des-

64 1472 276 1515 midiaceas,
306 1480 395 1515 quas
423 1468 459 1503 in
486 1467 745 1514 Vestrogothia
773 1468 1030 1504 observaverat
1048 1467 1090 1503 cl.
1120 1466 1163 1503 O.
1187 1466 1428 1511 NORDSTEDT,
1458 1478 1689 1513 enumerans,

65 1532 230 1574 alterum,
273 1527 367 1575 qnod
408 1527 704 1573 ''Anteckningar
745 1538 799 1562 om
830 1527 1120 1564 Skandinaviens
1147 1525 1441 1561 Desmidiace'er‘’
1470 1526 1689 1572 inscribitur,

65 1590 208 1638 species
236 1588 342 1634 hujus
369 1586 532 1631 familiae,
562 1598 652 1633 quas
679 1586 716 1622 in
744 1586 874 1623 Suecia
901 1587 997 1622 circa
1023 1585 1215 1633 Upsaliam
1243 1589 1279 1620 et
1305 1585 1341 1621 in
1366 1585 1561 1632 provinciis
1580 1585 1692 1622 Dalia

67 1654 102 1685 et
120 1647 282 1684 Bahusia
309 1650 345 1682 et
371 1647 407 1682 in
434 1646 467 1681 N
471 1646 621 1692 orvegia
640 1645 837 1682 meridiana
856 1647 1041 1682 invenerat
1060 1646 1103 1681 cl.
1122 1645 1166 1682 V.
1186 1645 1228 1680 B.
1248 1644 1469 1690 WITTROCK,
1491 1645 1688 1682 continens.

218 1705 384 1752 Adjcctis
427 1704 473 1740 ad
515 1705 656 1752 species
697 1705 752 1740 his
779 1705 815 1740 in
843 1705 1025 1752 opusculis
1053 1708 1280 1740 enumeratas
1308 1704 1499 1750 speciebus
1528 1707 1576 1749 5.,
1609 1717 1691 1751 qnae

67 1768 104 1804 iu
145 1766 276 1803 Suecia
311 1765 355 1800 ab
385 1765 466 1800 aliis
494 1765 697 1800 observatae
724 1776 806 1800 csse
831 1765 880 1811 (in
908 1765 1164 1800 Rabenhorstii
1204 1764 1332 1799 ⁷'Flora
1365 1763 1546 1810 Europaea
1576 1764 1689 1810 Alga-

65 1839 143 1862 rum
170 1836 275 1872 aquae
303 1823 418 1859 dulcis
447 1827 481 1858 et
509 1824 743 1860 submarinae”
772 1828 857 1860 sect.
885 1824 953 1868 111,
986 1825 1112 1872 1868),
1141 1823 1318 1867 dicuntur,
1348 1827 1383 1858 et
1409 1823 1521 1858 tribus
1553 1835 1574 1858 a
1594 1822 1690 1859 CLE-

65 1894 142 1921 VEO
168 1885 237 1920 hac
265 1895 310 1919 ex
336 1887 433 1918 terra
459 1883 581 1919 missis
610 1888 644 1919 et
672 1884 721 1930 (in
748 1883 826 1919 ”die
854 1883 973 1929 Algen
998 1883 1177 1930 Europas,
1206 1893 1275 1917 von
1302 1882 1342 1918 L.
1362 1882 1591 1918 Rabenhorst
1610 1894 1690 1918 aus-

66 1944 251 1992 gegcben'⁷
281 1942 346 1978 sub
374 1941 442 1977 N:o
477 1944 690 1989 1925—27)
719 1943 828 1987 datis,
858 1943 998 1979 Sueciae
1027 1942 1169 1989 species
1201 1943 1282 1977 187.
1307 1953 1329 1976 a
1356 1941 1598 1977 WITTROCKIO
1619 1945 1690 1989 (op.

66 2005 123 2040 cit.
151 2015 236 2050 pag.
268 2004 313 2047 1.)
341 2000 559 2047 tribuuntur3
588 2025 638 2029 -—
666 2003 710 2038 (16
738 2014 806 2049 (1110
835 2013 981 2038 numero
1009 2006 1128 2037 tamen
1160 2001 1216 2036 hae
1244 2003 1277 2036 4.
1307 2000 1448 2047 specics
1469 2000 1690 2037 deducendae

67 2066 166 2099 sunt:

221 2120 381 2158 Micrast.
410 2128 553 2156 cremata
581 2119 693 2156 Cleve
713 2123 849 2167 (opusc.
876 2120 932 2156 cit.
961 2132 1045 2167 pag.
1067 2122 1155 2166 487)
1177 2123 1237 2166 (=
1258 2119 1310 2154 M.
1330 2120 1484 2166 conferta
1503 2130 1582 2154 nov.
1603 2119 1690 2168 sp),

69 2181 122 2218 M.
158 2180 418 2216 decemcleutata
451 2178 564 2216 Cleve
592 2180 626 2226 (1.
656 2182 700 2225 6.)
730 2180 790 2229 (z
809 2192 882 2215 var.
912 2180 963 2216 M.
993 2187 1163 2215 truncatae
1192 2178 1344 2226 Corda),
1385 2178 1495 2213 Cosm.
1533 2179 1692 2213 cremela-

68 2247 143 2275 tum
171 2239 283 2276 Oleve
313 2239 348 2285 (l.
379 2251 407 2274 6.
438 2250 522 2285 pag.
551 2241 639 2286 488)
669 2242 729 2286 (=
753 2240 789 2274 C.
824 2240 1044 2287 Aleneyliiniz'
1069 2239 1190 2284 Breb.)
1226 2242 1261 2273 et
1296 2238 1451 2273 Penium,
1491 2237 1694 2273 thsoaz'tesz‘i

69 2299 181 2335 Cleve
218 2299 253 2345 (l.
282 2309 311 2333 6.
340 2309 424 2344 pag.
455 2300 554 2344 492.)
583 2301 643 2345 (=
667 2299 711 2333 P.
746 2299 857 2334 Clevez‘
893 2310 973 2334 nov.
1014 2298 1092 2347 51).)
1121 2321 1172 2324 -
1199 2297 1278 2342 Quo
1321 2297 1416 2332 facto
1444 2300 1582 2332 restant
1620 2298 1691 2332 183

68 2359 221 2405 species.

221 2416 339 2461 Quum
380 2417 490 2463 igitur
530 2415 652 2451 multae
691 2416 847 2461 cognitae
874 2420 996 2452 essent
1023 2415 1180 2463 specics,
1209 2426 1289 2461 quae
1317 2414 1413 2462 apud
1442 2426 1507 2451 1105
1534 2415 1692 2451 nondum

67 2481 170 2511 erant
196 2476 351 2511 inventae
380 2480 414 2511 et
440 2480 617 2523 praeterea
643 2474 824 2510 nonnulla>
842 2475 962 2510 Florae
981 2475 1146 2521 algarum
1165 2485 1268 2510 novae
1288 2475 1333 2510 ab
1353 2474 1577 2518 auctoribus,
1600 2486 1693 2520 quos

69 2546 179 2582 supra
216 2535 305 2580 dixi,
349 2535 416 2570 hac
458 2535 494 2570 in
535 2538 631 2570 terra
659 2534 809 2570 detectae
837 2540 970 2580 essent,
1000 2534 1171 2581 plantnlis
1200 2534 1255 2569 his
1284 2533 1548 2580 cognoscendis
1576 2537 1611 2569 et
1639 2534 1693 2569 in-

164 2601 237 2627 Nova
257 2602 323 2627 Acta
343 2602 408 2635 Rog.
430 2602 487 2628 Soc.
507 2602 546 2628 Sc.
567 2602 630 2636 Ups.
651 2602 705 2627 Ser.
725 2601 774 2626 ΙΙΙ.
1545 2601 1558 2625 1
