2097 3062
695 211 754 246 DE
783 210 1068 246 DESMIDIACEIS.
1586 211 1632 245 53

206 312 379 344 lndiviclua
414 310 672 352 chlorophyllosa
707 312 794 342 nulla
823 311 950 351 quidcm
986 321 1005 342 a
1040 311 1129 342 nobis
1160 311 1291 342 inventa
1320 314 1407 351 sunt,
1439 320 1537 351 quare
1562 299 1687 342 ad'hoc

50 364 213 405 subgenus
240 363 442 395 referendam
468 362 549 393 hanc
574 362 712 403 speclem
739 372 828 401 esse,
855 372 969 401 necne,
996 367 1082 393 certe
1100 362 1277 403 dijudicare
1294 372 1356 393 non
1374 372 1562 403 possumus,
1580 366 1687 394 tamen

52 416 103 447 hic
127 415 280 446 collocata
305 424 324 445 a
349 413 441 445 nobis
466 417 516 444 est
539 423 610 444 eam
635 413 673 444 ob
698 423 778 452 rem,
804 413 888 453 quod
913 423 1022 444 massa
1046 413 1328 455 chlorophyllacea
1350 413 1475 444 laterali
1500 414 1688 445 instructam

51 476 126 498 eam
149 475 222 497 esse
247 475 264 496 e
289 465 391 505 figura
417 464 515 495 citata
541 465 803 496 verisimillimum
828 465 919 496 nobis
944 464 1080 496 videtur.

90 544 147 579 90.
203 542 243 578 C.
273 551 397 578 OVALE
426 541 529 577 Ralfs
560 541 660 588 (Brit.
687 540 850 576 Dcsmid.
880 553 963 588 pag.
991 543 1052 581 98,
1082 542 1153 576 tab.
1180 541 1260 585 XV,
1290 541 1351 587 fig.
1383 542 1430 589 9).

203 610 328 646 Massa
357 609 673 656 chloropliyllacea
702 620 720 644 c
747 609 890 645 laminis
919 612 941 644 4
969 609 1206 656 parietalibus
1235 609 1377 654 magnis
1406 610 1567 644 formata.

205 686 301 721 Hah.
331 686 377 721 ad
409 686 669 732 Bergsbrunna
696 685 732 720 in
757 685 951 731 Uplandia.
1006 684 1064 720 Ad
1097 684 1249 731 Huseby
1281 683 1458 730 (CLEVE),
1495 683 1687 731 Unnaryd,

54 746 200 792 Femsjo
230 751 265 780 et
292 745 420 792 Rappe
448 745 484 780 iu
512 743 730 780 Smolandia.
784 743 841 779 Ad
868 744 1029 790 Bolltorp
1058 743 1093 778 in
1123 743 1371 789 Ostrogotliia.

208 813 297 845 Sicut
325 813 356 844 in
391 814 569 844 Xauthidio
594 816 720 842 armato
745 811 838 842 Breb.
863 812 990 842 lamina}
1015 810 1303 852 chloropbyllaceae
1327 810 1499 851 parietales
1526 815 1690 851 quaternae

53 864 113 896 hac
137 865 167 895 in
187 864 296 905 specie
314 867 400 905 sunt,
419 864 531 895 nucleo
549 863 714 904 amylaceo
734 863 867 894 centrali
885 862 980 893 nullo.
1008 862 1210 901 (Cavendum
1229 866 1293 901 est,
1313 872 1352 892 ne
1372 862 1516 902 globulus
1535 862 1689 893 obscurus

53 916 259 956 granulorum
292 915 469 954 mobilium,
505 915 556 955 qui
592 915 622 946 in
659 918 768 945 centro
804 913 1008 944 semicellulae
1038 913 1195 954 imprimis
1221 917 1391 944 auctumno
1416 918 1447 944 et
1471 913 1577 944 hieme
1603 923 1690 954 saepe

53 967 161 1007 adest,
185 977 242 1007 pro
266 967 379 997 nucleo
403 966 570 1006 aruylaceo
595 966 728 996 centrali
753 965 933 1005 habeatur).

68 1045 148 1081 ²³91.
204 1043 244 1080 C.
274 1052 505 1079 STRIOLATUM
536 1043 660 1090 (Nag'.)
689 1042 827 1078 Arcber
856 1042 905 1088 (in
932 1041 1065 1078 Priteb.
1094 1041 1203 1076 Infus.
1240 1052 1323 1086 pag.
1363 1043 1448 1086 T343
1482 1041 1690 1088 Dysplzz'nr-

306 1103 393 1137 tium
432 1103 628 1137 striolatnm
671 1101 806 1147 Nageli
848 1100 946 1136 Gau.
988 1100 1127 1136 einzell.
1169 1100 1252 1146 Alg.
1286 1111 1370 1146 pag.
1410 1101 1497 1144 112,
1532 1101 1602 1136 tab.
1637 1100 1691 1136 VI

309 1160 362 1203 G,
393 1161 453 1207 fig.
488 1163 531 1207 1).

203 1228 415 1264 Membrana
456 1229 619 1264 seriebus
657 1227 924 1263 verrucularum
967 1232 1002 1262 et
1042 1230 1252 1272 punctorum
1293 1226 1536 1272 regularibus,
1579 1230 1614 1261 et
1647 1237 1691 1260 ex

55 1293 261 1325 transverso
304 1292 339 1322 et
379 1299 423 1322 ex
465 1287 609 1333 obliquo
643 1292 677 1322 et
712 1287 747 1322 iu
779 1286 1040 1332 longitudinem
1069 1285 1165 1320 circa
1193 1285 1360 1321 cellulam
1386 1285 1517 1329 ductis,
1548 1290 1689 1329 ornata,

53 1347 118 1384 sed
145 1347 274 1383 isthmo
302 1346 439 1392 glabro.
495 1347 635 1382 Taeniae
664 1346 992 1393 chlorophyllaeeae
1019 1344 1214 1391 parietales
1243 1355 1352 1380 senze.

206 1414 323 1459 Long.
351 1416 604 1457 O,oo:‚3-576''=
629 1415 826 1450 135—146
855 1425 903 1462 μς
944 1412 1023 1447 Lat.
1057 1412 1279 1457 opime-213&
1298 1434 1330 1446 =
1354 1413 1501 1447 64—68
1529 1423 1576 1459 μς
1611 1410 1691 1446 Lat.

54 1473 174 1510 isthmi
203 1473 473 1517 0,00197—217''=
496 1476 646 1509 50—55
674 1488 714 1521 μ.

212 1550 309 1585 Hah.
337 1550 373 1586 iu
403 1550 550 1597 '’Norby
579 1549 692 1595 sk0g⁷’
725 1560 837 1596 prope
866 1546 1069 1592 Upsaliam.

209 1625 393 1657 Verruculae
418 1629 449 1657 et
470 1629 603 1666 puncta,
629 1625 744 1665 quibus
768 1624 986 1655 membranam
1011 1626 1155 1654 ornatam
1181 1634 1254 1655 csse
1281 1623 1435 1653 diximus,
1462 1622 1492 1652 in
1519 1622 1620 1652 series
1645 1630 1692 1652 re-

53 1677 180 1717 gulares
206 1678 381 1717 confertas,
408 1681 439 1708 et
462 1681 667 1708 transversas
693 1681 724 1708 et
747 1676 893 1716 obliquas
919 1678 950 1705 et
965 1673 1226 1715 longitudinalcs,
1247 1674 1306 1705 hoc
1324 1673 1416 1705 modo
1435 1673 1583 1704 ordinata
1601 1675 1692 1703 sunt:

58 1728 266 1759 Transversae
297 1729 430 1760 alternae
460 1732 580 1759 tanturn
606 1738 623 1759 e
647 1727 823 1759 verruculis
849 1730 935 1756 recta
959 1726 1045 1756 linea
1069 1725 1198 1765 positis,
1224 1726 1355 1756 alternae
1380 1729 1501 1755 tantum
1526 1733 1543 1754 e
1568 1724 1692 1765 punctis

57 1779 203 1810 serratim
238 1780 417 1819 (Suethice2
455 1780 483 1810 ”i
514 1780 677 1820 zig-zag'')
703 1778 868 1810 collocatis
901 1776 1089 1807 efficiuntur.
1136 1777 1172 1807 In
1198 1777 1343 1808 seriebus
1371 1781 1477 1807 autem
1502 1775 1638 1815 obliquis
1664 1778 1695 1806 et

58 1830 341 1870 longitudinalibus
376 1835 493 1872 puncta
529 1831 603 1862 bina
637 1831 719 1861 inter
753 1831 772 1860 ‘2
808 1828 991 1859 verruculas
1027 1828 1132 1868 posita
1168 1832 1254 1868 sunt,
1292 1828 1311 1858 i.
1344 1837 1370 1858 e.
1407 1827 1594 1858 verruculas
1626 1827 1690 1857 sin-

57 1882 150 1922 gulas
176 1882 249 1913 bina
274 1885 391 1923 puncta
416 1886 598 1922 sequuntur.
645 1883 802 1913 Numerus
826 1880 923 1920 igitur
946 1883 1133 1920 punctorum
1157 1879 1252 1920 duplo
1274 1879 1376 1920 major
1400 1883 1449 1910 est
1473 1888 1567 1919 quani
1586 1887 1692 1909 verru-

58 1933 207 1964 cularum.
257 1933 442 1964 Verruculae
471 1934 578 1974 paullo
608 1934 748 1964 minores
773 1936 846 1964 sunt
870 1941 964 1971 quam
989 1931 1020 1962 in
1045 1931 1148 1971 figura
1178 1941 1197 1961 a
1221 1930 1258 1961 cl.
1284 1931 1423 1961 NA'GEM
1448 1929 1532 1960 data.
1578 1927 1693 1967 Quem,

58 1994 118 2015 neo
152 1984 255 2025 qualis
292 1994 325 2015 re
361 1994 439 2015 vera
473 1988 562 2015 esset
591 1989 749 2016 structura
780 1983 990 2022 membranae,
1013 1992 1072 2013 nec
1096 1982 1254 2022 quomodo
1279 1991 1389 2012 massa
1413 1980 1696 2021 chlorophyllacea

57 2039 144 2067 esset
167 2036 316 2075 formata,
342 2034 478 2074 vidisse,
509 2045 526 2066 e
550 2035 766 2076 descriptione
792 2038 822 2066 et
846 2034 948 2074 figura
972 2034 1011 2064 ab
1036 2033 1089 2064 illo
1115 2033 1191 2064 (lata
1216 2033 1352 2073 intelligi
1376 2032 1464 2072 lieet,
1490 2031 1604 2072 quibus
1635 2030 1693 2070 igi-

56 2090 106 2117 tur
129 2087 223 2118 rebus
248 2086 421 2127 descriptio
444 2086 515 2127 illa,
541 2087 624 2127 quod
650 2087 691 2117 ad
716 2090 906 2117 structuram
931 2085 1123 2115 inembranae
1147 2084 1298 2124 pertinet,
1329 2095 1347 2115 a
1371 2087 1480 2115 nostra
1507 2082 1628 2121 differt,
1653 2082 1693 2112 iis

58 2137 174 2169 adduci
198 2138 230 2169 in
255 2147 326 2169 eam
351 2138 533 2178 opinionem
558 2148 619 2169 non
644 2147 832 2179 possumus,
857 2141 890 2168 ut
914 2137 1047 2168 formam
1075 2146 1093 2166 a
1121 2135 1212 2166 nobis
1241 2135 1405 2166 inventam
1435 2135 1531 2165 aliam
1559 2142 1633 2164 esse
1656 2142 1694 2164 ac

61 2188 280 2221 Helvetiacam
301 2193 460 2230 putemus.

211 2249 377 2281 structura
400 2258 519 2280 massae
544 2248 833 2290 chlorophyllaceae
858 2248 972 2280 eadem
996 2248 1064 2280 scre
1086 2250 1135 2277 est
1158 2256 1196 2277 ac
1220 2246 1252 2276 in
1279 2245 1308 2276 G.
1331 2245 1521 2286 prceqramli
1550 2254 1620 2275 nov.
1646 2253 1693 2284 sp.

59 2324 159 2360 *³³92
214 2324 254 2362 C.
284 2334 607 2362 ELEGAunssmUM
635 2338 714 2361 nov.
744 2338 797 2373 sp.

211 2392 251 2429 C.
285 2393 481 2437 mediocre,
519 2393 661 2428 circiter
690 2394 840 2441 21s2-plo
870 2393 1016 2439 longius
1045 2404 1150 2439 quam
1177 2390 1301 2434 latius,
1334 2390 1493 2436 perfecte
1524 2387 1696 2435 cylindri-

62 2462 158 2492 cum,
196 2456 345 2498 utroque
386 2452 469 2498 polo
510 2452 583 2487 late
624 2452 871 2496 rotundatum,
908 2451 1025 2486 medio
1057 2451 1235 2496 utrimque
1262 2449 1390 2484 leviter
1418 2451 1646 2492 excavatum,
1675 2458 1696 2481 a

61 2510 194 2545 vertice
232 2511 348 2546 visum
389 2511 548 2557 perfecte
588 2511 780 2555 circulare,
822 2511 984 2556 margine
1018 2514 1424 2545 crenato-verrucosum.
1484 2506 1696 2541 Membrana

60 2569 218 2604 verrucis
252 2569 503 2615 emarginatis,
545 2570 580 2605 in
615 2571 729 2606 series
766 2572 811 2606 22
846 2568 1128 2616 longitiulinales
1167 2570 1317 2613 (tautum
1355 2569 1375 2602 9
1411 2579 1432 2601 a
1463 2566 1579 2601 fronte
1612 2564 1695 2599 visi-
