2097 3062
431 242 478 275 20
1012 240 1052 277 P.
1081 240 1126 275 M.
1156 240 1352 284 LUNDELL,

422 343 478 377 13.
533 340 574 376 E.
611 349 782 376 ANSATUM
818 342 973 378 Elirenb.
1011 342 1134 389 (Infus.
1170 353 1253 388 pag.
1295 344 1378 384 162,
1411 342 1482 377 tab.
1514 341 1600 385 XII,
1636 342 1696 388 fig.
1728 345 1765 389 (ὃς
1800 343 1902 379 Ralfs
1931 343 2017 379 Brit.

630 399 792 438 Desmid.
820 413 903 448 pag.
933 403 995 445 85,
1028 401 1098 436 tab.
1126 400 1227 445 XIV,
1256 401 1317 447 fig.
1348 405 1394 437 2.

533 477 631 512 Hah.
666 477 711 513 ad
747 478 909 523 Bolltorp
947 476 982 512 in
1016 476 1264 522 Ostrogothia.
1319 477 1377 513 Ad
1410 477 1587 525 Unnaryd
1614 482 1648 513 et
1674 478 1822 523 Fenisjo
1853 478 1889 513 in
1917 477 2018 514 Smo-

379 534 513 570 landia.

531 611 688 648 Forma
722 613 919 649 tumoribus
960 611 1094 657 (magis
1135 612 1354 659 conspicuis)
1389 613 1423 648 in
1459 618 1609 659 utraque
1648 612 1871 648 semieellula
1902 614 2014 649 ternis

377 670 579 714 basalibus,
609 683 718 719 supra
742 672 846 708 basin
873 671 968 706 binis
997 676 1032 706 et
1059 670 1094 705 in
1123 670 1206 705 lobo
1235 671 1350 717 polari
1378 672 1472 707 binis
1500 672 1676 707 instructa
1705 675 1760 718 (Ξ
1778 672 1824 707 Ε.
1847 673 2017 708 circulare

378 729 488 766 Hass.
518 730 605 766 Brit.
634 731 717 777 Alg.
746 743 831 778 pag.
862 732 950 773 383,
980 730 1051 765 tab.
1082 729 1165 773 XC,
1199 729 1259 775 fig.
1290 732 1337 775 5).

533 807 631 842 Hah.
661 807 707 842 ad
736 807 996 853 Bergsbrunna
1024 806 1059 840 in
1083 805 1278 852 Uplandia.
1334 805 1391 840 Ad
1418 806 1595 854 Unnaryd
1623 807 1658 841 in
1688 807 1906 843 Sinolandia.

533 875 646 906 Variat
674 875 743 906 liaee
773 874 900 915 speeies
932 873 1107 905 tumoribus
1137 873 1207 914 plus
1235 873 1338 904 minus
1365 873 1540 913 distinctis,
1567 884 1583 905 e
1608 874 1659 914 fig.
1686 875 1705 904 2
1730 874 1758 904 d.
1783 874 1890 911 (Ralfs
1915 876 1933 906 l.
1959 877 2015 916 c.),

378 935 514 965 quaeum
545 928 582 958 E.
609 927 767 957 circulare
791 926 886 957 Hass.
911 936 930 956 a
954 926 1053 956 latere
1078 924 1180 955 visum
1211 924 1352 965 perfecte
1382 926 1545 965 congruit,
1579 925 1679 956 videri
1705 925 1794 961 licet,
1821 930 1959 958 tumores
1986 928 2017 958 in

379 978 422 1008 E.
451 982 565 1008 ansam
596 978 749 1017 Eb1·enb.‚
779 977 925 1018 quamvis
958 977 989 1007 in
1020 976 1136 1007 cellula
1167 986 1186 1006 a
1217 975 1319 1006 fronte
1344 976 1415 1007 visa
1439 986 1524 1018 szepe
1551 978 1653 1008 minus
1679 978 1884 1018 conspicuos,
1909 983 2015 1010 tamen

379 1038 511 1069 prorsus
537 1029 642 1061 nullos
668 1040 729 1060 non
754 1038 837 1060 esse.

420 1099 475 1134 14.
529 1097 571 1133 E.
600 1106 780 1133 SINUOSUM
808 1097 974 1132 Lenorni.
1005 1096 1054 1142 (iu
1083 1095 1192 1131 Herb.
1223 1096 1367 1141 (1845),
1396 1107 1466 1132 see.
1497 1095 1615 1139 Ralfs3
1650 1096 1789 1131 Areber
1817 1096 1851 1131 in
1880 1096 2014 1132 Priteh.

634 1156 743 1192 Infns.
784 1168 868 1202 pag.
909 1157 998 1200 7293
1039 1155 1085 1189 E.
1122 1155 1292 1190 circulare
1324 1154 1363 1196 β.
1397 1158 1481 1201 (non
1518 1158 1567 1201 a.)
1601 1155 1705 1190 Ralt's
1733 1155 1819 1191 Brit.
1851 1155 2015 1191 Desmitl.

635 1228 718 1263 pag.
749 1218 814 1259 85,
842 1216 913 1255 tab,
941 1214 1046 1258 XIII,
1076 1213 1136 1259 fig.
1167 1215 1204 1257 ἴ),
1238 1225 1276 1258 a,
1306 1214 1342 1257 b,
1373 1214 1411 1257 d,
1440 1214 1509 1249 tab.
1538 1213 1637 1258 XIV,
1668 1214 1728 1260 fig.
1759 1216 1796 1255 3,
1825 1215 1862 1260 b,
1893 1227 1911 1251 e
1932 1218 2017 1261 (mon

632 1275 696 1323 a.);
722 1275 769 1310 E.
799 1275 969 1310 circulare
996 1286 1069 1309 var.
1101 1273 1308 1308 Etlesz'ensc's
1336 1273 1441 1309 Breb.
1471 1273 1572 1308 Liste
1601 1285 1683 1319 pag.
1717 1274 1814 1320 122).

533 1352 630 1386 Islub.
660 1351 705 1386 ad
724 1351 886 1397 Bolltorp
907 1350 942 1385 in
962 1349 1210 1395 Ostrogothia.
1252 1349 1292 1384 In
1313 1348 1522 1385 Sinolandia
1542 1349 1586 1384 ad
1607 1349 1784 1397 Unnaryd
1805 1355 1840 1385 et
1858 1350 2016 1397 Fenisjo.

535 1420 571 1450 Iu
596 1418 876 1459 ”Kungsparken'’
902 1427 1003 1458 prope
1028 1417 1194 1458 Upsalian]
1220 1420 1251 1447 et
1276 1416 1317 1447 ad
1342 1416 1572 1457 Borgsbrunna
1596 1418 1626 1448 iu
1652 1418 1814 1459 Uplandia
1838 1418 2016 1458 specimina

378 1471 533 1501 nonnulla
562 1481 581 1502 a
610 1470 703 1501 nobis
733 1470 864 1500 inventa
895 1472 982 1507 sunt,
1011 1478 1081 1508 quae
1106 1468 1232 1508 punctis
1259 1468 1403 1499 ocellatis
1429 1468 1647 1509 (scrobiculis)
1673 1469 1760 1500 senis
1785 1469 1903 1510 (primo
1930 1469 2017 1500 vultu

378 1521 511 1561 spicieni
536 1525 692 1553 tumorum
718 1531 784 1562 prae
808 1530 843 1552 se
870 1520 1062 1556 ferentibus)
1086 1519 1169 1550 inter
1198 1523 1338 1550 tumores
1363 1520 1435 1550 illos
1460 1520 1573 1560 quinos
1598 1520 1727 1551 basales
1756 1520 1953 1561 interpositis
1975 1520 2016 1551 acl

379 1574 421 1603 E.
447 1575 601 1604 circulare
625 1584 650 1611 γ.
676 1573 767 1603 Ralfs
791 1572 825 1609 (l.
850 1582 876 1603 e.
901 1571 965 1602 tab.
990 1571 1085 1611 XIII,
1110 1570 1162 1610 fig.
1188 1572 1207 1601 ἵ)
1233 1580 1265 1611 03
1293 1572 1335 1602 Ε.
1352 1572 1486 1601 ‚lammeri
1503 1571 1625 1602 Areher
1643 1572 1661 1602 l.
1681 1581 1707 1603 e.
1725 1582 1797 1612 pag.
1824 1573 1898 1608 730)
1918 1582 2016 1613 prope

376 1624 545 1656 accedunt.
599 1625 680 1655 Num
705 1624 879 1655 tumoribus
904 1623 1056 1660 undenis,
1084 1633 1124 1653 an
1149 1623 1254 1662 potius
1279 1623 1403 1663 punctis
1430 1623 1590 1663 ocellatis,
1620 1623 1640 1654 i.
1666 1632 1692 1653 e.
1717 1623 1903 1654 scrobiculis
1927 1628 2014 1664 (spe-

378 1677 459 1707 eiem
488 1680 645 1707 tumorum
674 1685 739 1717 pree
764 1685 799 1706 se
824 1674 1014 1711 ferentibus)
1038 1674 1182 1715 praeditae
1205 1678 1278 1705 suut
1303 1674 1509 1705 semieellulae
1539 1674 1706 1705 varietatis
1737 1674 1822 1705 illius
1848 1674 1888 1713 y?
1934 1674 2016 1706 Vide

378 1727 431 1767 fig.
462 1727 511 1758 cit.
538 1727 698 1758 RALFsu!

535 1788 562 1818 A
595 1787 692 1827 priori
728 1786 795 1817 haee
831 1787 957 1827 speeies
993 1785 1099 1816 differt
1128 1785 1208 1816 lobis
1239 1785 1403 1816 basalibus
1434 1786 1538 1825 magis
1570 1785 1729 1816 distinctis
1761 1789 1792 1816 et
1822 1785 1957 1815 sinuatis
1986 1789 2017 1815 et

377 1839 531 1880 imprimis
557 1839 628 1870 lobo
652 1838 752 1879 polari
778 1838 938 1878 (oblique)
963 1848 982 1868 a
1007 1837 1126 1868 vertice
1151 1837 1219 1867 viso
1245 1837 1314 1877 plus
1340 1837 1443 1867 minus
1469 1836 1618 1867 distincte
1643 1836 1898 1876 quadrilobulato
1924 1835 2015 1875 (vide

378 1891 468 1922 Ralfs
500 1891 517 1921 l.
549 1900 574 1921 e.
603 1890 666 1920 tab.
694 1889 778 1929 XIV,
811 1890 862 1929 fig.
895 1890 913 1919 3
943 1889 1006 1927 el),
1037 1899 1055 1919 a
1084 1889 1185 1919 latere
1216 1892 1360 1918 truncato
1385 1892 1457 1919 eta
1481 1888 1582 1919 fronte
1607 1888 1756 1924 dilatato,
1783 1897 1881 1928 quare
1905 1887 1946 1918 ad
1972 1889 2014 1918 E.

375 1944 529 1973 cireulare
552 1941 647 1972 Hassv
675 1940 773 1981 (quod
798 1941 876 1971 nihil
901 1943 966 1978 est,
991 1939 1052 1970 uisi
1077 1940 1179 1970 fornia
1206 1941 1246 1970 E.
1272 1941 1380 1970 (insuti.
1405 1939 1558 1977 Ebronb.)
1585 1950 1603 1970 a
1625 1940 1662 1970 el.
1689 1940 1804 1970 RALFS
1825 1939 1896 1980 jure
1915 1938 2016 1969 relata

377 2004 451 2025 esse
476 1993 569 2025 nobis
594 1992 722 2033 quidem
747 2002 808 2023 non
835 1990 970 2022 videtur.

376 2062 474 2099 ²³³ss15.
531 2061 571 2098 E.
606 2069 747 2095 INERME
781 2072 859 2096 nov.
898 2072 951 2107 sp.
994 2060 1056 2106 (E.
1093 2061 1228 2107 eleysms
1260 2059 1298 2101 β.
1336 2060 1468 2095 inerme
1496 2059 1599 2094 Ralt's
1628 2058 1712 2093 Brit.
1742 2058 1904 2093 Desmid.
1932 2070 2015 2105 pag.

634 2122 697 2164 89,
725 2120 795 2156 tab.
824 2119 924 2163 XIV,
957 2119 1018 2165 fig.
1051 2122 1068 2154 ἴ
1098 2122 1153 2165 e).

532 2197 572 2232 Ε.
603 2196 868 2238 subinediocre,
900 2195 1073 2230 diametro
1103 2195 1281 2241 subduplo
1311 2195 1473 2241 longius,
1503 2195 1636 2230 ambitu
1663 2194 1943 2240 subellipticuin,
1965 2194 2016 2229 in-

377 2257 497 2292 cisura
525 2255 692 2291 mediana
720 2255 914 2302 profunda,
945 2254 1223 2300 augustissima,
1253 2254 1485 2290 seinieellnhe
1513 2254 1842 2299 subtriangulares.
1873 2265 2013 2288 sursum

376 2320 596 2362 aiigustatae,
631 2314 734 2361 apiee
769 2314 925 2361 paullum
963 2317 1143 2360 protracto
1179 2317 1352 2348 truncatae
1385 2317 1419 2348 et
1447 2313 1622 2360 profunde
1651 2312 1920 2355 inciso-bifidae,
1949 2312 2013 2347 sed

375 2387 446 2410 non
480 2375 640 2409 dilatatae
673 2385 739 2409 nee
773 2373 939 2408 (lentibus
972 2372 1134 2415 inunitae,
1170 2373 1320 2407 martine
1355 2377 1505 2418 utroque
1534 2372 1674 2407 laterali
1705 2371 1925 2406 biundnlatae
1952 2383 2014 2406 un-

377 2433 471 2468 dulis
511 2433 740 2468 inferioribus
774 2432 999 2479 proininulis,
1037 2431 1191 2475 obtusis,
1222 2431 1365 2476 angulis
1395 2431 1622 2466 inferioribus
1652 2431 1795 2476 oblique
1823 2430 2014 2475 truncatis,

376 2492 610 2528 seniieellulae
652 2491 697 2527 all
733 2492 837 2527 basin
874 2491 1071 2526 tumoribus
1109 2490 1219 2525 ternis
1263 2490 1487 2538 (lateralibus
1527 2491 1585 2525 vix
1618 2489 1854 2538 conspicuis),
1892 2489 2013 2535 paullo

376 2563 485 2598 supra
514 2551 607 2586 binis
637 2555 671 2586 et
699 2551 790 2586 inter
818 2562 880 2586 eos
909 2554 1040 2596 puncto
1071 2550 1223 2585 oeellato
1251 2549 1453 2592 instruotae,
1480 2550 1675 2584 tumoribus
1709 2548 1873 2584 omnibus
1902 2547 2012 2582 ininu-

376 2611 437 2655 tis,
467 2622 484 2645 e
515 2610 648 2646 vertice
677 2611 765 2646 visae
794 2609 1033 2656 subellipticae
1061 2609 1233 2644 lateribus
1262 2608 1437 2654 l›igibbis;
1467 2620 1488 2643 a
1516 2608 1627 2643 latere
1656 2608 1744 2643 visae
1772 2612 1900 2642 ovatae.
1942 2607 2012 2642 La—
