2097 3062
422 215 469 248 64
1014 211 1054 248 Ρ.
1085 211 1131 246 M.
1161 211 1356 255 LUNDELL,

529 313 656 354 Speciei
692 313 838 354 sequenti
874 313 1050 354 proximum
1086 316 1147 352 est,
1186 311 1244 343 sed
1275 311 1381 343 differt
1410 312 1554 352 margine
1578 313 1847 344 semieellularum
1872 311 2008 342 ventrali

366 374 511 397 convexo
543 364 582 395 ol)
612 374 746 405 eamque
776 374 842 395 rem
875 364 947 395 sinu
977 365 1098 405 amplo,
1123 374 1142 394 a
1166 363 1285 394 vertice
1311 366 1416 394 autem
1442 364 1543 394 visum
1569 365 1670 395 latera
1693 364 1858 395 levissime
1882 366 2006 401 retusa,

368 417 506 456 angulos
531 414 678 455 obtusos,
703 426 766 446 non
791 416 856 446 late
880 415 1069 447 rotundatos
1100 415 1197 445 habet
1228 424 1287 445 nee
1318 414 1378 445 nisi
1403 414 1435 445 in
1460 424 1537 445 area
1561 425 1663 455 parva
1690 414 1841 446 mediana
1864 414 2006 454 triangu-

364 469 423 500 lari
449 468 488 498 ab
514 466 635 498 aculeis
659 466 778 497 nudum
803 470 861 497 est.
908 467 1069 497 Praeterea
1092 465 1251 506 subduplo
1276 465 1379 507 majus
1405 468 1464 496 est.

405 540 462 574 35.
517 537 552 574 S.
581 544 791 571 TELIFERUM
818 534 923 570 Ralfs
952 534 1054 583 (Brit.
1083 533 1247 569 Desmid.
1276 545 1360 580 pag.
1394 536 1482 578 128,
1514 534 1586 569 tab.
1614 533 1738 579 XXII,
1767 533 1828 580 fig.
1857 535 1906 579 4).

519 604 615 639 Hah.
650 603 697 638 ad
731 602 892 649 Bolltorp
927 601 963 636 in
998 600 1245 647 Ostrogothia.
1306 601 1363 637 Ad
1391 600 1586 648 Unnaryd,
1621 601 1785 647 Femsjo,
1815 600 1943 648 Rappe
1972 605 2008 636 et

365 665 563 701 Sveuarum
592 663 627 698 in
656 661 875 699 Smolaudia.

404 742 461 776 36.
517 739 552 776 S.
580 747 788 774 SETIGERUM
818 736 931 773 Cleve
960 736 1128 785 (Bidrag,
1157 748 1241 783 pag.
1269 738 1361 776 490,
1390 737 1460 771 tab.
1490 735 1553 779 IV,
1582 735 1642 782 fig.
1672 737 1720 784 4).

516 806 609 842 Tab.
636 805 705 846 IV,
732 805 794 850 fig¹
822 806 854 839 3.

520 874 618 909 Hah.
648 872 693 908 ad
723 872 981 917 Bergsbrunna
999 872 1033 907 iu
1054 872 1250 919 Uplandia.
1296 871 1353 907 Ad
1375 871 1527 918 Huseby
1546 871 1581 906 in
1601 870 1811 907 Smolandia
1831 869 2004 918 (CLEVE).

364 933 422 969 Ad
447 933 608 979 Bolltorp
637 932 672 967 in
702 930 949 977 Ostrogothia.

406 1012 462 1046 37.
518 1009 553 1045 S.
581 1008 752 1043 HYS'rRIX
778 1007 882 1043 Ralfs
911 1007 1012 1054 (Brit.
1043 1006 1206 1042 Desmid.
1236 1018 1320 1053 pag.
1353 1009 1439 1051 128,
1467 1007 1539 1042 tab.
1566 1007 1690 1051 XXII,
1720 1006 1780 1052 fig.
1811 1008 1857 1052 5).

521 1077 616 1111 Hah.
645 1075 690 1111 ad
719 1076 979 1122 Bergsbrunna
1006 1075 1042 1110 in
1070 1074 1265 1121 Uplandia.
1319 1074 1378 1110 Ad
1406 1075 1568 1122 Bolltorp
1597 1074 1632 1109 in
1661 1073 1908 1120 Ostrogothia.

404 1156 462 1190 38.
517 1153 552 1189 S.
582 1161 786 1188 CRISTATUM
813 1152 937 1198 (Nag.)
966 1151 1105 1187 Areher
1136 1151 1186 1199 (iu
1214 1150 1346 1186 Pritoh.
1376 1151 1485 1187 Infus.
1522 1162 1606 1197 pag.
1645 1152 1732 1195 7383
1768 1150 2004 1198 Plzgscascrum

623 1213 805 1247 cristatum
832 1211 966 1257 Nageli
995 1210 1095 1246 Gatt.
1115 1210 1254 1245 einzell.
1275 1210 1358 1255 Alg.
1378 1222 1452 1257 pag
1485 1212 1572 1255 127,
1594 1210 1664 1244 tab.
1685 1208 1790 1254 VIII,
1812 1208 1851 1254 C,
1872 1209 1933 1256 fig.
1957 1212 2004 1258 1).

519 1280 616 1317 Hah.
646 1279 693 1315 ad
720 1279 819 1314 Noor
847 1283 882 1314 et
905 1279 1165 1324 Bergsbrunna
1192 1277 1228 1312 in
1257 1277 1452 1323 Uplandia.

384 1357 463 1393 ²³39.
518 1356 552 1393 S.
595 1363 926 1397 QUADRANGULARE
965 1355 1071 1390 Breb.
1113 1355 1163 1401 (in
1201 1353 1304 1389 Ralfs
1343 1353 1430 1388 Brit.
1470 1353 1634 1390 Desmid.
1674 1366 1757 1401 pag.
1803 1355 1890 1398 128,
1931 1353 2005 1388 tab.

621 1415 746 1459 XXII,
775 1414 837 1460 fig.
867 1416 912 1459 Τ).

518 1485 614 1520 Hah.
643 1483 689 1519 ad
717 1482 977 1528 Bergsbrunna
1004 1480 1039 1515 in
1070 1480 1263 1528 Uplandia.

518 1559 558 1602 β.
592 1568 836 1595 ATTENUATUM
875 1558 1021 1595 Nordst.
1056 1557 1233 1604 (Desinid.
1266 1556 1397 1595 Brasil.
1430 1568 1515 1603 pag.
1558 1558 1628 1592 229
1671 1557 1793 1605 (191),
1833 1555 1904 1592 tab.
1939 1554 2003 1599 IV,

615 1619 676 1664 fig.
707 1621 780 1664 44).

520 1687 616 1721 Hah.
645 1686 680 1721 in
708 1685 873 1731 ”Lassby
900 1684 1054 1719 baekar''
1084 1688 1119 1719 et
1139 1683 1285 1730 ''Norby
1305 1682 1419 1729 skog''
1440 1694 1551 1730 prope
1571 1682 1773 1729 Upsaliam.
1813 1682 1854 1717 In
1874 1681 2002 1718 Ostro-

368 1745 494 1792 gothia
523 1745 568 1781 ad
596 1745 768 1791 Bolltorp.

385 1821 464 1857 ΜΟ.
518 1821 553 1858 S.
587 1829 756 1857 PUNGENS
792 1820 897 1855 Breb.
930 1819 981 1868 (in
1016 1819 1118 1854 Ralfs
1157 1818 1242 1853 Brit.
1278 1817 1439 1853 Desmid.
1476 1829 1559 1864 pag.
1600 1820 1686 1863 130,
1725 1818 1794 1854 tab.
1827 1817 2001 1862 XXXIV,

618 1880 680 1926 fig.
713 1881 784 1925 10).

519 1948 675 1983 Forma
702 1958 721 1982 e
752 1946 886 1981 vertice
910 1945 990 1980 visa
1022 1944 1195 1981 lateribus
1229 1944 1358 1979 leviter
1390 1943 1531 1979 retusis.
1589 1944 1800 1980 Membrana
1825 1944 2004 1980 subtiliter

367 2007 754 2053 granulato-punetata.

520 2074 637 2120 Long.
663 2073 751 2109 aoul.
781 2073 870 2108 exel.
891 2094 924 2108 =
944 2072 1024 2107 Lat.
1050 2071 1139 2106 aeul.
1169 2072 1258 2107 exel.
1287 2070 1386 2115 0,001''
1402 2092 1434 2104 =
1457 2073 1502 2106 2ss
1531 2084 1577 2120 μ,
1610 2072 1690 2107 Lat.
1719 2070 1839 2105 isthmi
1863 2072 2002 2115 0,00043''

371 2155 403 2167 =
427 2135 467 2168 11
498 2146 545 2181 μ,
575 2133 692 2178 Long.
722 2132 815 2167 aeul.
845 2132 979 2176 O‚00035''
997 2153 1029 2166 =
1051 2133 1070 2166 9
1100 2147 1139 2179 μ,

523 2201 621 2236 Ηαό.
649 2201 683 2236 in
713 2199 1028 2247 '’Kungsparkers'
1058 2202 1093 2233 et
1121 2197 1263 2244 ”Nm-by
1292 2196 1405 2243 skog'⁷
1434 2208 1546 2244 prope
1575 2197 1776 2244 Upsaliam,
1799 2197 1846 2233 ad
1866 2197 2000 2244 Ber-gs-

366 2259 505 2294 brunna
531 2260 566 2294 in
594 2259 789 2306 Uplandia.

387 2335 465 2372 >¹³41.
521 2335 556 2371 S.
592 2345 875 2371 DEN'HCULATUM
908 2335 1033 2384 (Nag.)
1067 2334 1206 2370 Areher
1241 2333 1290 2379 (in
1324 2334 1457 2370 Priteh.
1492 2334 1601 2370 Infus.
1635 2345 1719 2380 pag.
1759 2335 1847 2378 7383
1885 2334 2002 2380 Phyc-

622 2402 758 2430 astrum
798 2395 1050 2430 ‹lenticulatnm
1090 2392 1224 2438 Nageli
1266 2392 1364 2429 Gatt.
1396 2394 1534 2430 einzell.
1569 2393 1652 2437 Alg.
1685 2404 1770 2439 pag.
1809 2394 1895 2436 128,
1929 2392 2001 2428 tab.

623 2453 730 2497 VIII,
762 2453 807 2498 C,
837 2454 897 2499 fig.
927 2455 974 2499 3).

521 2512 617 2547 Hal).
669 2512 715 2547 ad
764 2512 932 2548 Vaksala
976 2522 1089 2558 prope
1139 2510 1340 2557 Upsaliam.
1416 2510 1456 2545 In
1502 2509 1846 2555 'Rackarebergen''
1892 2520 2004 2555 prope

366 2570 558 2606 Holmiam.
