2097 3062
420 238 443 271 4
1011 233 1052 270 P.
1083 232 1129 268 M.
1159 233 1354 276 LUNDELL,

524 335 692 373 Diversae
720 340 803 372 sunt
830 335 865 371 in
893 348 978 383 gen.
998 335 1250 371 Artlzrodesmo
1269 345 1503 381 zygosporae:
1523 333 1559 368 in
1581 334 1626 369 A.
1648 333 1821 369 octocorni
1838 332 1995 368 Ehrenb.

370 411 404 432 a.
434 396 520 444 (see.
547 407 648 431 meas
675 396 831 442 observ.)
874 400 909 431 et
937 396 1070 431 Incudz'
1095 394 1231 441 (Breb.)
1259 393 1368 429 Hass.
1397 392 1436 435 β.
1465 392 1583 439 (Ralfs
1610 393 1632 428 l.
1662 405 1689 428 c.
1718 393 1788 428 tab.
1817 392 1904 436 XX,
1933 392 1994 437 fig,

370 458 404 491 4.
435 455 478 500 k,
506 455 533 501 l)
561 455 726 501 globosae
768 455 957 499 aeuleatae,
997 455 1032 490 in
1062 455 1107 489 A.
1137 453 1356 501 converyentz'
1389 452 1545 487 Ehrenb.
1582 451 1678 500 (vide
1708 452 1800 487 infra
1827 452 1898 488 tab.
1926 451 1994 494 III,

369 515 432 561 fig.
462 515 541 561 222)
570 518 688 550 autem
719 514 953 561 subglobosae
980 515 1135 550 inermes
1164 516 1256 548 sunt.

523 582 565 617 In
593 593 674 629 gen.
703 582 908 617 Xantlzz'dio
937 594 1042 629 quam
1071 582 1226 617 diversae
1255 579 1490 627 zygosporae!
1547 578 1664 623 Quum
1692 579 1786 614 enim
1814 590 1995 626 zygospc-

369 653 431 677 ras
472 641 608 677 aculeis
650 641 874 688 simplicibus
902 641 1084 688 elongatis
1112 645 1268 676 armatas
1296 640 1444 683 habere,
1474 650 1576 685 aeque
1603 650 1646 674 ac
1674 639 1886 674 Staurastra
1914 650 1996 685 per-

370 700 495 746 multa,
525 705 669 747 reperta
697 713 718 736 a
745 713 802 737 me
831 705 914 737 sunt
942 701 996 737 A'.
1027 701 1223 736 (teuleatmn
1251 699 1407 735 Ehrenb.
1437 698 1533 747 (vide
1561 699 1631 734 tab.
1653 698 1703 743 V,
1728 698 1788 744 fig.
1809 697 1880 743 52),
1902 697 1996 732 anti-

371 761 518 808 Zopaum
549 760 683 806 (Breb.)
712 760 820 795 Kutz.
853 766 888 796 et
915 762 1096 796 cristatum
1123 760 1248 803 Breb.,
1277 769 1495 807 zygospcrae
1523 758 1572 794 X.
1603 759 1735 793 armati
1758 758 1864 793 Breb.
1885 769 1997 793 mem-

371 820 522 855 branam
542 819 688 863 nudam,
717 820 1066 856 scrobiculatam
1086 820 1218 855 habent
1238 818 1334 866 (vide
1352 817 1456 853 Ralfs
1476 817 1562 853 Brit.
1582 816 1745 853 Desmid.
1765 818 1836 852 tab.
1855 817 1997 862 XVIII,

373 878 435 925 fig.
463 879 539 927 gl),
580 890 650 925 qua
677 890 717 914 re
751 890 822 914 una
851 892 896 915 ex
925 881 1088 916 omnibus
1115 878 1383 915 Desmidiaeeis
1411 876 1490 912 sola
1519 877 1596 912 haec
1624 877 1766 924 species
1795 888 1873 912 cum
1901 877 1998 924 Zyg-

372 938 555 974 nemaceis
583 944 619 974 et
645 938 940 986 Mesocarpaceis
969 939 1180 987 quibusdam
1210 937 1383 983 congruit.

527 1005 706 1050 Quantum
735 1010 853 1042 autem
882 1007 1050 1044 differunt
1077 1017 1296 1055 zygosporae
1321 1005 1502 1040 Desmz‘clii
1529 1004 1674 1051 Baileyz’
1697 1004 1829 1053 (Ralfs)
1851 1005 1909 1040 De
1929 1005 1998 1040 Ba-

373 1077 415 1113 ry
443 1065 561 1111 (Ralt's
589 1066 609 1102 l.
640 1077 668 1102 e.
697 1066 768 1101 tab.
798 1067 958 1112 XXXV,
987 1068 1048 1114 fig.
1082 1070 1111 1102 1.
1138 1079 1166 1102 c.
1205 1070 1240 1100 et
1280 1064 1436 1101 Wallieh
1478 1064 1513 1098 in
1541 1063 1680 1099 Annals
1708 1064 1779 1099 and
1806 1064 2000 1111 Magazine

374 1125 415 1160 of
438 1125 590 1161 Natural
617 1125 768 1173 History
797 1127 866 1162 vol.
895 1127 946 1172 V,
975 1138 1044 1163 ser.
1075 1128 1111 1170 3,
1141 1126 1210 1161 tab.
1238 1124 1323 1165 VII,
1353 1123 1414 1169 fig.
1444 1125 1495 1169 9),
1522 1125 1686 1170 aptoyoni
1704 1124 1807 1160 Breb.
1830 1124 2000 1170 (Wallich

372 1184 395 1221 l.
424 1196 452 1221 e.
481 1185 542 1231 fig.
572 1187 609 1230 4)
643 1190 678 1220 et
707 1185 876 1220 Swartazi
913 1185 984 1232 Ag.
1027 1185 1144 1232 (Ralfs
1172 1185 1192 1219 l.
1223 1196 1250 1219 c.
1279 1184 1349 1218 tab.
1378 1182 1441 1218 IV.
1469 1182 1530 1229 fig.
1559 1183 1596 1228 f.)
1638 1184 1682 1219 ab
1716 1183 1788 1219 illis
1824 1184 2002 1219 Destizidz'z‘

375 1244 561 1292 cylindrici
587 1242 696 1280 Grev.
725 1245 842 1291 (Ralfs
870 1245 890 1281 l.
924 1258 950 1282 c.
980 1246 1049 1281 tab.
1081 1245 1131 1288 II,
1160 1244 1221 1290 fig.
1252 1242 1382 1288 e-—k)!
1437 1241 1558 1287 Quod,
1593 1243 1756 1288 quamvis
1785 1243 2001 1291 zygosporis

375 1303 411 1338 in
452 1304 566 1339 altera
608 1304 738 1339 cellula
778 1305 945 1351 copulata
985 1304 1149 1340 formatis
1177 1314 1247 1338 non
1277 1315 1299 1338 a
1325 1302 1474 1348 reliquis
1502 1302 1607 1348 hujus
1635 1303 1781 1348 generis
1810 1303 2001 1350 speciebus

376 1363 509 1409 solum,
545 1363 609 1398 sed
639 1364 684 1399 ab
713 1364 877 1400 omnibus
908 1365 1051 1400 omnino
1079 1362 1347 1399 Desmidiaeeis
1372 1362 1518 1397 multum
1546 1361 1703 1403 differat,
1731 1367 1848 1398 tamen
1875 1362 2002 1409 generi

377 1423 564 1458 Desmz'de'o
592 1422 862 1459 adnumeratum
891 1435 913 1459 a
941 1424 982 1459 cl.
1011 1423 1071 1459 DE
1099 1423 1208 1458 BARY
1228 1423 1262 1469 (l.
1292 1434 1321 1457 c.
1351 1434 1434 1469 pag.
1467 1424 1527 1467 76)
1552 1423 1660 1468 idque
1688 1422 1820 1469 optimo
1834 1423 1916 1469 jure
1936 1425 2001 1457 est.

532 1490 650 1535 Quum
691 1491 801 1537 igitur
838 1492 974 1527 formas
1015 1496 1087 1527 tam
1128 1491 1220 1525 inter
1248 1502 1287 1526 se
1316 1490 1494 1537 diversas,
1526 1491 1654 1538 quibus
1682 1490 1717 1525 in
1751 1490 2003 1526 enumerandis

376 1563 423 1586 ne
452 1551 582 1586 multus
606 1551 719 1586 fuisse
738 1550 876 1594 videar,
898 1551 1084 1598 praebeant
1103 1562 1335 1598 zygosporae,
1370 1550 1416 1585 ad
1449 1562 1585 1597 genera
1610 1551 1714 1597 hujus
1739 1551 1885 1586 familiae
1912 1551 2004 1585 inter

377 1622 418 1647 se
443 1610 699 1656 distinguenda
726 1611 872 1646 multum
901 1612 1023 1646 valere
1051 1611 1136 1646 mihi
1165 1609 1306 1656 quidem
1333 1622 1402 1646 non
1431 1610 1604 1646 videntur.

531 1678 572 1712 In
601 1679 793 1725 speciebus
821 1682 939 1714 autem
968 1678 1168 1714 statuendis
1197 1679 1354 1713 maxima
1382 1689 1503 1714 earum
1531 1678 1623 1713 ratio
1653 1677 1821 1713 habenda
1840 1690 1921 1714 esse
1940 1678 2004 1714 mi-

378 1737 413 1772 hi
442 1736 596 1781 videtur,
640 1749 749 1783 quare
793 1738 1042 1773 Stau2¹a.s·trum
1066 1745 1309 1785 pterosporum
1336 1749 1416 1773 nov.
1444 1749 1497 1784 sp.
1527 1750 1548 1772 a
1578 1737 1629 1772 St.
1665 1737 1843 1773 O'sslearz‘z'
1867 1738 2005 1773 Archer

378 1796 457 1832 sola
484 1807 692 1844 zygospora
719 1797 810 1833 bene
839 1798 1042 1833 distinctum
1072 1802 1165 1844 puto.

534 1863 650 1908 Quum
695 1864 729 1900 in
765 1865 957 1912 speciebus
985 1865 1091 1911 hujus
1119 1865 1266 1900 familiae
1294 1864 1386 1899 inter
1414 1876 1453 1900 se
1483 1864 1747 1910 distinguendis
1777 1864 2005 1901 characteres

379 1935 399 1959 e
427 1923 551 1959 habitu
589 1924 669 1970 ipso
712 1925 852 1960 cellulae
892 1925 949 1960 vel
989 1936 1008 1960 e
1035 1926 1150 1959 forma
1186 1935 1469 1971 zygosporarum
1499 1924 1606 1959 sumti
1632 1925 1707 1959 fere
1736 1936 1879 1970 semper
1906 1930 2003 1970 sunt,

378 1983 471 2019 ratio
500 1986 689 2019 structurae
731 1984 894 2031 corporis
929 1983 1232 2031 chlorophyllacci
1261 1984 1416 2018 maxima
1444 1984 1501 2018 vel
1529 1984 1604 2019 fere
1632 1984 1710 2019 sola
1738 1996 1759 2018 a
1785 1983 1827 2019 el.
1856 1984 2006 2019 NXGELI

379 2043 511 2090 primo,
555 2054 659 2088 quum
702 2044 845 2090 species
878 2044 914 2079 in
943 2048 1040 2079 certa
1084 2054 1219 2089 genera
1248 2043 1444 2089 digereret,
1474 2043 1510 2078 in
1537 2043 1628 2079 libro
1656 2043 1717 2078 illo
1747 2043 1915 2089 egregio,
1946 2044 2004 2090 qui

379 2102 612 2147 ”Gattungen
655 2102 869 2149 einzelliger
910 2103 1049 2150 Algen⁷'
1093 2103 1314 2146 inscribitur,
1354 2102 1477 2137 habita
1505 2108 1568 2139 est.
1625 2102 1739 2147 Quem
1777 2103 1932 2139 maxima
1961 2115 2005 2139 ex

379 2165 483 2208 parte
524 2166 668 2196 secutus
708 2161 749 2196 cl.
791 2162 851 2197 DE
895 2162 1004 2198 BARY
1049 2174 1154 2208 quum
1196 2162 1230 2197 in
1259 2161 1451 2208 speciebus
1480 2162 1634 2206 duabus,
1667 2173 1746 2208 quae
1774 2162 1896 2197 habitu
1924 2167 2007 2198 sunt

384 2220 662 2264 Cosmczriormn,
714 2221 749 2255 C.
779 2222 960 2268 turqidmn
1000 2222 1105 2257 Breb.
1149 2226 1184 2256 et
1228 2221 1289 2256 De
1317 2221 1439 2268 Baryi
1464 2221 1602 2257 Archer
1631 2224 1690 2267 (Ξ
1727 2222 2006 2257 Plenrotccnz’um

386 2280 636 2315 Cosnmrioides
670 2279 726 2315 De
755 2280 868 2328 Bary)
913 2281 1008 2325 dico,
1044 2293 1201 2316 massam
1229 2280 1577 2327 ehlorophyllaceam
1603 2281 1638 2316 in
1665 2280 1793 2315 taenias
1813 2281 2007 2327 parietales

379 2340 567 2375 formatam
596 2350 678 2374 esse
707 2340 959 2385 observasset,
995 2352 1058 2375 eas
1087 2340 1245 2387 species,
1276 2340 1441 2386 quamvis
1475 2340 1662 2375 Cosmariis
1689 2341 1802 2375 forma
1829 2339 1909 2386 ipsa
1937 2340 2006 2375 eel-

379 2399 463 2434 1111ae
504 2398 724 2443 simillimas,
767 2403 888 2434 tamen
930 2400 975 2434 ob
1004 2411 1082 2435 eam
1122 2399 1239 2446 ipsam
1270 2411 1402 2435 massae
1436 2399 1760 2447 chlorophyllaceae
1793 2403 2006 2434 structuram

379 2470 461 2504 gen.
493 2458 730 2493 Pleurotam‘o
773 2458 808 2503 (l.
840 2470 869 2492 e.
898 2470 982 2505 pag.
1014 2460 1074 2504 75)
1120 2458 1383 2504 adnumeravit3
1425 2464 1548 2494 eontra
1594 2459 1788 2493 Docidimn
1830 2460 2006 2493 minutam

377 2517 499 2561 Ralfs,
542 2516 644 2562 cujus
686 2528 846 2552 massam
890 2517 1238 2565 chloropbyllaceam
1281 2518 1474 2553 centralen]
1518 2529 1600 2553 esse
1628 2517 1829 2561 invenerat,
1857 2519 2006 2553 ePlen-

376 2577 521 2611 rotoenio
551 2575 741 2624 (Docidio)
781 2581 957 2612 remotum
984 2577 1076 2612 inter
1104 2578 1221 2612 Poma.
1250 2577 1285 2626 (l.
1316 2589 1344 2612 c.
1374 2589 1456 2624 pag.
1489 2579 1548 2623 73)
1576 2577 1774 2613 collocarit.
