2097 3062
429 216 476 251 62
1024 214 1065 249 Ρ.
1093 213 1139 249 Μ.
1169 214 1367 258 LUNDELL,

410 318 468 353 24.
523 315 558 352 S.
586 323 739 350 BIFIDUM
768 314 954 360 (Ehrenb.)
983 314 1088 350 Breb.
1119 314 1169 360 (in
1197 314 1300 350 Ralfs
1328 314 1415 349 Brit.
1445 312 1607 349 Desmid.
1635 325 1719 359 pag.
1742 315 1834 360 2153
1862 315 2012 350 Desmi-

627 374 725 408 dium
760 373 902 419 bifidum
934 373 1092 408 Ehrenb.
1129 374 1239 409 Infus.
1277 385 1360 420 pag.
1400 375 1485 416 141,
1524 372 1593 407 tab.
1624 372 1674 415 X,
1702 372 1762 417 fig.
1796 376 1859 418 113
1889 373 2011 410 Staur.

625 439 795 467 eirseetmn
824 431 937 468 Cleve
964 432 997 467 in
1027 432 1190 468 Rabenh.
1220 432 1303 478 Alg.
1332 432 1432 476 Eun,
1459 432 1525 467 N:o
1560 432 1681 475 1925).

524 499 730 547 Descriptio
759 499 805 535 ad
834 499 1033 546 specimina
1065 499 1219 535 Suecica
1246 499 1442 534 delineata:

522 602 557 637 S.
592 600 860 645 submediocre,
898 601 1040 636 circiter
1072 604 1143 635 tam
1180 601 1327 647 longum
1356 611 1461 646 quam
1490 600 1599 635 latum
1628 600 1776 646 (exclus.
1805 600 1927 648 acul.),
1957 600 2010 635 in-

370 661 491 696 cisura
519 660 687 696 mediana
713 659 905 707 profunda,
944 660 1199 703 carinaeformi,
1234 659 1466 695 scniicellulae
1501 659 2009 706 subelliptico-triangulares,

370 719 563 755 introrsum
602 719 761 765 paullum
803 719 1035 759 venhicosae,
1066 719 1229 765 margine
1266 719 1417 762 dorsali,
1456 717 1574 753 medio
1602 722 1716 761 recto,
1746 717 1793 753 ad
1820 724 2009 765 utrumque

368 778 488 824 polum
526 789 653 813 versus
688 778 854 813 deorsum
890 777 996 813 valde
1031 778 1216 823 inclinato,
1252 778 1287 813 in
1315 782 1464 823 utroque
1497 777 1580 823 polo
1609 777 1727 823 (quasi
1753 777 2011 813 rostellato-in-

370 837 494 885 curvo)
523 837 559 872 in
588 837 728 883 spinam
758 837 900 883 oblique
929 837 1096 872 deorsum
1126 849 1266 872 versam
1296 837 1414 872 subito
1443 836 1672 882 acuminatae3
1709 848 1731 872 a
1759 837 1891 872 vertice
1919 837 2009 872 visae

369 895 539 942 trigonae,
576 896 749 931 lateribus
784 895 977 939 subrectis,
1013 897 1157 942 angulis
1191 895 1406 939 latiusculis,
1436 895 1689 941 bicuspidatis,
1719 896 1812 931 inter
1838 895 2008 943 cuspides

369 955 441 990 late
474 955 670 990 excavatis.
730 955 941 990 Membrana
969 956 1108 1001 glabra.
1168 955 1339 990 Latitudo
1367 954 1489 990 isthmi
1515 954 1661 989 dimidio
1691 954 1865 991 diametro
1893 955 2010 1001 longi-

369 1013 519 1049 tudinali
549 1015 709 1061 corporis
737 1014 858 1061 paullo
888 1014 1011 1049 minor.

522 1082 638 1128 Long.
669 1082 856 1127 0‚0012-13''
875 1104 906 1116 Ξ
927 1084 1075 1117 30—33
1094 1094 1140 1130 μς
1161 1081 1241 1116 Lat.
1271 1094 1299 1117 e.
1328 1082 1419 1128 spin,
1442 1081 1558 1126 0,0019''
1576 1103 1608 1115 =
1627 1083 1673 1117 48
1694 1094 1739 1130 μ,
1769 1081 1847 1116 Lat.
1869 1094 1896 1117 s.
1917 1081 2009 1129 spin.

370 1141 537 1185 0,0013''=
560 1143 606 1177 33
640 1155 687 1190 μ,
729 1142 809 1177 Lat.
847 1141 967 1177 isthmi
1001 1141 1255 1186 Operm-55¹⁷:
1279 1143 1427 1176 13—14
1460 1154 1507 1190 μς
1549 1141 1667 1186 Long.
1697 1140 1787 1188 spin⁴
1816 1152 1928 1187 usque
1964 1141 2011 1177 ad

370 1201 508 1245 0,00035''
526 1222 557 1234 Ξ
580 1203 599 1236 9
628 1217 668 1249 μ.
696 1223 745 1227 -
773 1201 866 1236 Tab.
895 1200 962 1245 IV,
992 1200 1054 1245 fig.
1085 1203 1117 1236 2.

523 1269 620 1304 Hah.
652 1268 688 1303 in
718 1269 1034 1315 ''Kungsparken’²
1063 1280 1175 1315 prope
1208 1268 1411 1315 Upsaliam.

385 1347 464 1384 ²³25.
520 1346 556 1383 S.
585 1354 761 1381 TRIFIDUM
788 1345 934 1380 Nordst.
965 1344 1140 1391 (Desmid.
1170 1344 1298 1380 Brasil.
1327 1357 1412 1393 pag.
1441 1347 1513 1381 226
1544 1345 1663 1394 (188),
1684 1345 1754 1381 tab.
1770 1344 1833 1390 IV,
1855 1345 1916 1392 fig.
1936 1346 2012 1392 51).

522 1414 618 1448 Hah.
646 1412 681 1447 in
708 1412 856 1460 ’'Norby
889 1412 1002 1458 skog''
1031 1423 1143 1459 prope
1171 1412 1375 1459 Upsaliam.

406 1493 463 1528 26.
518 1490 553 1526 S.
582 1498 822 1525 BRACHIATUM
850 1488 955 1524 Ralfs
990 1488 1089 1534 (Brit.
1119 1488 1282 1524 Desinid.
1312 1502 1396 1537 pag.
1429 1491 1518 1534 131,
1548 1490 1619 1524 tab.
1648 1489 1791 1534 XXIII,
1819 1489 1880 1535 fig.
1911 1490 1960 1535 9).

520 1558 617 1593 Hah.
646 1557 693 1592 ad
720 1556 980 1602 Bergsbrunna
1007 1555 1043 1591 in
1070 1555 1266 1603 Uplandia.

407 1646 465 1680 27.
521 1642 556 1679 S.
585 1650 695 1677 LAEVE
724 1640 827 1675 Ralfs
857 1640 959 1688 (Brit.
988 1640 1152 1677 Desmid⁴
1182 1654 1267 1689 pag.
1300 1644 1388 1686 131,
1415 1642 1484 1677 tab.
1516 1642 1659 1686 XXIII,
1690 1641 1751 1687 fig.
1783 1643 1853 1687 10).

521 1711 618 1745 Hal).
652 1708 697 1744 ad
732 1708 993 1754 Bergsbrunna
1026 1709 1060 1743 in
1097 1709 1294 1755 Uplandia.
1358 1710 1399 1745 In
1434 1708 1644 1745 Smolandia
1681 1709 1727 1744 ad
1762 1708 1939 1756 Unnaryd
1973 1714 2009 1744 et

368 1770 510 1817 Rappe.

520 1853 558 1896 β.
588 1852 731 1888 CLEVEI
759 1851 878 1887 Wittr.
908 1851 1099 1897 (Anteckn.
1129 1864 1212 1899 pag.
1246 1854 1308 1898 18,
1342 1853 1402 1899 fig.
1432 1855 1480 1899 9).

521 1922 618 1956 Hah.
662 1920 708 1955 ad
747 1919 909 1966 Bolltorp
951 1920 986 1954 in
1029 1918 1276 1965 Ostrogothia.
1344 1920 1402 1956 Ad
1440 1920 1618 1968 Unnaryd
1662 1925 1697 1956 et
1739 1920 1939 1957 Svenarum
1973 1922 2009 1957 in

367 1980 587 2017 Sinolandia.

385 2057 463 2094 μὺ28.
519 2056 554 2093 S.
585 2065 734 2092 ERASUM
762 2056 867 2092 Breb.
897 2057 1013 2105 (Liste
1040 2067 1124 2102 pag.
1158 2058 1242 2100 143,
1274 2057 1345 2092 tab.
1374 2058 1408 2102 I,
1438 2056 1499 2103 fig.
1529 2058 1602 2102 28).

522 2124 679 2160 Forma
706 2123 1031 2170 espinnlosa2²³²)

520 2191 637 2237 Long.
653 2192 875 2235 0,00134-14o''
888 2214 920 2226 =
942 2192 1090 2227 34—37
1105 2203 1151 2239 μς
1168 2191 1246 2226 Lat.
1263 2212 1292 2224 =
1306 2190 1439 2237 Long.;
1460 2191 1540 2226 Lat.
1561 2191 1681 2227 isthmi
1702 2193 1837 2236 0,00047''
1853 2216 1885 2228 =
1903 2195 1947 2228 12
1962 2209 2004 2242 μ.

520 2259 616 2295 Hah.
646 2258 691 2294 ad
720 2259 980 2305 Bergsbrunna
1003 2259 1039 2293 in
1071 2258 1267 2304 Uplanclia.
1322 2259 1362 2293 In
1396 2258 1740 2305 '’Rackarebergen'’
1776 2272 1888 2307 prope
1914 2261 2003 2297 Hol-

366 2318 483 2353 miam.
551 2317 608 2353 Ad
649 2317 841 2365 Unnaryd,
884 2318 1031 2364 chsjo
1073 2321 1108 2352 et
1149 2317 1276 2364 Rappe
1318 2318 1353 2352 in
1394 2317 1614 2353 Smolandia.
1668 2318 1726 2354 Ad
1764 2319 1927 2366 Bolltorp
1969 2319 2006 2354 in

367 2375 613 2422 Ostrogothia.

522 2471 553 2511 ⁵⁵)
577 2470 668 2501 Brcb.
692 2470 711 2502 l.
736 2480 777 2502 c.:
804 2470 910 2501 ’'Elia‘’
934 2470 1018 2507 (hzec
1045 2470 1186 2511 species)
1211 2472 1316 2501 ⁷'s'cn''
1341 2475 1376 2507 (a
1401 2472 1431 2501 S.
1457 2472 1626 2511 rzqyuloso,
1650 2472 1787 2502 dilatato
1811 2476 1840 2501 et
1870 2483 2002 2512 marga-

365 2521 498 2558 ritaceo)
534 2521 715 2562 ”distingue
745 2532 804 2562 par
839 2522 993 2562 quelques
1023 2521 1135 2561 e'pines
1164 2521 1228 2552 tres
1259 2525 1396 2561 courtes,
1422 2526 1635 2562 uianqnant
1658 2522 1926 2563 quelquefois,
1950 2523 2005 2563 qui

366 2581 401 2603 se
428 2575 574 2603 trouvent
598 2582 638 2604 au
663 2575 799 2604 sommet
823 2572 862 2603 de
887 2582 940 2603 ses
965 2573 1078 2613 angles
1104 2575 1135 2603 et
1158 2581 1199 2603 un
1224 2582 1286 2613 peu
1311 2572 1541 2605 au-dessous”.
