2097 3062
705 231 766 266 DE
794 231 1076 267 DESMIDIACEIS.
1609 232 1654 266 63

112 335 171 368 29.
226 332 262 368 S.
301 341 512 367 DILATATUM
545 331 701 366 Elirenb.
739 331 863 378 (Infus.
893 343 976 377 pag.
1009 333 1096 373 143,
1126 331 1196 365 tab.
1225 330 1277 371 X,
1304 330 1365 377 fig.
1398 333 1459 376 133
1487 331 1591 366 Ralfs
1618 331 1706 366 Brit.

330 390 494 426 Desmid.
520 402 603 437 pag.
636 392 722 435 133,
751 390 822 425 tab.
853 390 958 435 XXI,
988 390 1048 436 fig.
1077 392 1123 435 S).

227 458 325 493 Hah.
361 458 396 493 in
431 458 574 505 ''Norby
607 458 721 504 sk0g”
755 469 866 503 prope
900 457 1092 504 Upsaliam
1126 461 1161 492 et
1193 457 1238 492 ad
1274 457 1534 503 Bergsbrunna
1567 457 1601 492 in
1629 457 1706 504 Up-

72 517 205 553 landia.

115 604 173 638 30.
227 602 261 639 S.
299 610 480 638 TRICORNE
518 600 653 647 (Breb.)
686 600 853 646 Menegh.
890 600 1058 647 (Synops.
1093 611 1175 646 pag.
1206 601 1296 644 2253
1327 600 1510 635 Binatella
1545 603 1708 637 tricornis

330 661 436 696 Breb.
459 660 544 705 Alg.
571 659 736 704 Falaise,
765 671 848 705 pag.
879 661 943 699 57,
971 659 1042 693 tab.
1071 658 1177 698 VIII,
1206 670 1276 693 sec.
1306 658 1433 705 Ralfs).

227 736 324 773 Var.
353 735 392 778 β.
421 735 524 771 Ralfs
553 734 654 780 (Brit.
681 733 844 770 Desmid.
874 746 956 780 pag.
992 735 1080 776 134,
1109 734 1179 770 tab.
1208 733 1380 777 XXXIV,
1409 734 1469 780 fig.
1499 736 1519 770 8
1546 735 1583 775 b,
1604 747 1637 779 c,
1659 735 1706 784 d).

228 804 326 839 Hah.
360 803 396 838 in
431 801 740 848 ”Kungsparkeffl
772 813 884 848 prope
919 801 1110 847 Upsaliam
1145 805 1180 835 et
1206 800 1252 835 ad
1280 800 1539 846 Bergsbrunna
1567 802 1602 837 in
1630 802 1707 849 Up-

71 862 203 898 landia.
257 863 299 898 In
326 861 536 897 Smolaudia
565 860 611 896 ad
638 860 814 907 Unuaryd
843 864 878 895 et
909 860 1047 906 Rappe.

111 948 170 982 31.
225 945 260 983 S.
295 954 562 982 PUNCTULATUM
597 945 702 980 Breb.
733 944 782 993 (iu
812 944 915 980 Ralfs
942 944 1029 979 Brit.
1059 944 1221 979 Desmid.
1250 956 1334 990 pag.
1366 945 1452 988 133,
1482 945 1553 979 tab.
1582 945 1705 990 XXII,

324 1004 385 1050 fig.
417 1006 462 1053 1).

226 1073 502 1120 Zygosporae
534 1072 715 1118 globosae,
751 1071 889 1106 aculeis
925 1070 1060 1116 longis,
1095 1071 1175 1106 basi
1212 1070 1428 1115 latiusculis,
1455 1071 1558 1117 apice
1587 1072 1706 1108 dicho-

70 1131 177 1167 tomis
205 1136 363 1167 armatae.

224 1199 344 1234 Diam.
373 1210 525 1246 zygosp.
554 1210 580 1233 s.
607 1198 696 1233 aeul.
727 1197 911 1240 0,00114''=
933 1199 979 1232 29
1007 1209 1054 1245 pc,
1083 1197 1199 1243 Long.
1229 1197 1318 1232 acul.
1348 1198 1531 1239 O,ooo55''=
1557 1200 1601 1233 14
1628 1214 1668 1247 μ.

226 1267 325 1302 Hah.
353 1266 389 1301 in
417 1266 580 1312 '’Lassby
608 1265 764 1300 backar''
792 1277 904 1313 prope
929 1264 1130 1311 Upsaliam.

112 1352 170 1386 32.
225 1350 260 1388 S.
295 1359 479 1386 HIRSUTUM
512 1350 698 1397 (Ehrenb.)
734 1351 840 1386 Bre'b.
876 1350 924 1397 (in
958 1349 1062 1384 Ralfs
1091 1349 1178 1383 Brit.
1208 1348 1371 1384 Desmid.
1400 1361 1484 1395 pag.
1517 1352 1605 1394 127,
1635 1352 1706 1386 tab.

328 1410 453 1454 XXII,
488 1409 548 1455 fig.
585 1412 624 1455 33
660 1410 908 1445 Xanthidinm
941 1409 1115 1443 hirsutum
1142 1407 1299 1442 Ehrenb.
1329 1407 1421 1443 Abh.
1452 1408 1483 1443 (l.
1512 1409 1606 1445 Berl.
1635 1410 1707 1445 Ak.

330 1470 441 1511 1833,
471 1480 555 1515 pag.
585 1470 683 1515 318).

225 1536 323 1572 Hah.
352 1535 398 1570 ad
425 1535 684 1582 Bergsbrunna
709 1536 743 1571 in
772 1535 966 1583 Uplaudia.

112 1622 170 1656 33.
223 1620 258 1657 S.
287 1620 527 1655 BREBISSONH
557 1619 696 1655 Archer
730 1620 777 1668 (in
810 1620 942 1655 Priteh.
977 1620 1085 1656 lusus.
1122 1630 1206 1665 pag.
1240 1620 1329 1663 7393
1362 1618 1398 1653 S.
1422 1618 1573 1665 pilosum
1602 1618 1706 1654 Breb.

328 1679 447 1722 Liste,
481 1690 565 1725 pag.
601 1681 689 1722 141,
726 1680 796 1714 tab.
831 1680 878 1723 II,
912 1679 973 1725 fig.
1003 1680 1067 1723 493
1097 1678 1208 1714 Cleve
1236 1677 1376 1723 Bidrag
1402 1688 1487 1724 pag.
1517 1678 1607 1721 490,
1638 1678 1708 1713 tab.

322 1737 385 1781 IV,
415 1737 474 1783 fig.
505 1737 553 1785 3).

227 1805 323 1840 Hah.
354 1804 399 1839 ad
423 1804 601 1850 Carlberg
629 1816 740 1852 prope
767 1805 950 1840 Holmiam
980 1804 1151 1852 (CLEVE).

229 1873 265 1904 In
292 1871 438 1912 ''Lassby
463 1871 600 1902 haeka1·”
626 1882 725 1913 prope
750 1873 918 1913 Upsaliam
943 1873 1077 1904 formam
1107 1871 1326 1911 irregulariter
1356 1874 1556 1911 tetragonam
1584 1869 1708 1910 inveni,

72 1934 93 1955 a
116 1924 235 1955 vertice
260 1924 344 1955 enim
371 1923 456 1963 visa,
482 1932 575 1963 quum
600 1933 695 1953 unum
720 1923 802 1954 latus
828 1924 958 1964 reliquis
983 1923 1079 1954 multo
1102 1923 1205 1953 minus
1231 1922 1377 1960 haberet,
1403 1921 1566 1962 trapezica
1589 1921 1654 1952 fuit.

231 1983 308 2015 Cum
340 1982 443 2022 figura
470 1992 676 2022 zygosporae,
707 1992 802 2022 quam
832 1983 951 2014 CLEVE
981 1984 1014 2019 (l.
1041 1989 1081 2020 c.)
1107 1982 1213 2023 dedit,
1242 1991 1430 2023 zygosporae
1453 1991 1472 2011 a
1496 1991 1547 2012 me
1571 1981 1708 2012 inventae

75 2045 136 2066 non
159 2035 301 2076 perfecte
326 2036 518 2073 congruunt,
544 2034 677 2073 primum
701 2034 784 2064 enim
810 2044 982 2075 processus
1007 2037 1055 2065 ter
1079 2044 1180 2074 usque
1205 2037 1317 2074 quater
1341 2032 1541 2063 dichotomos
1565 2034 1656 2072 (non,
1675 2036 1709 2063 ut

74 2086 106 2117 in
130 2086 183 2126 fig.
207 2086 269 2125 cit„
294 2085 428 2125 primum
453 2083 674 2123 trichotomos,
700 2084 818 2116 deinde
843 2085 1056 2125 dichotomos)
1074 2084 1206 2124 habent,
1225 2083 1343 2115 deinde
1359 2083 1557 2115 manubrium
1574 2084 1614 2123 (ε
1634 2094 1708 2125 pars

75 2137 213 2177 inferior,
238 2135 393 2175 indivisa)
417 2144 622 2176 processuum
647 2136 755 2176 paullo
780 2137 916 2168 brevius.

95 2215 153 2249 34.
208 2213 243 2249 S.
279 2220 539 2248 POLYTRICHUM
570 2211 711 2261 (Perty)
746 2212 908 2249 Rabenh.
943 2214 1011 2260 (Fl.
1046 2213 1130 2248 Eur.
1158 2211 1241 2257 Alg.
1272 2211 1365 2247 Sect.
1399 2211 1466 2255 III,
1504 2222 1588 2256 pag.
1619 2213 1708 2257 2143

328 2272 566 2318 Plzymstrmn
594 2271 833 2318 polytriclmm
866 2273 978 2320 Perty
1011 2272 1166 2307 Kleinst.
1200 2270 1370 2305 Lebensf.
1399 2281 1484 2317 pag.
1513 2272 1602 2314 210,
1637 2271 1708 2306 tab.

329 2330 433 2373 XVI,
462 2329 523 2375 fig.
553 2330 630 2375 ⁶24).

226 2397 344 2443 Long.
365 2409 393 2432 s.
414 2396 504 2432 acul.
524 2397 747 2440 0,00284-307‘'
764 2420 795 2432 =
820 2400 966 2434 72—78
982 2410 1030 2446 μ,
1051 2398 1129 2432 Lat.
1147 2409 1174 2432 s.
1192 2396 1282 2431 acul.
1302 2396 1489 2440 0,002>o-29''
1506 2418 1537 2430 Ξ
1561 2398 1708 2431 66-75

74 2468 120 2504 μ,
146 2456 263 2501 Long.
293 2456 383 2492 acul.
412 2457 664 2500 0,00039—47''=
688 2459 835 2492 10—12
863 2470 908 2505 μς
936 2457 1016 2492 Lat.
1044 2455 1165 2491 isthmi
1193 2456 1397 2498 090057-94'
1414 2477 1445 2489 =
1468 2456 1616 2490 22ss24
1643 2470 1683 2502 μ.

228 2523 325 2558 Hah.
355 2523 389 2558 in
419 2523 739 2570 ’'Kungsparken''
769 2528 804 2559 et
831 2524 974 2571 ’'Norby
1001 2523 1115 2568 skog”
1150 2534 1262 2569 prope
1291 2523 1492 2570 Upsaliam.
1547 2521 1604 2557 Ad
1632 2521 1708 2558 Un-

76 2582 205 2629 naryd,
233 2582 398 2629 Femsjo,
428 2582 555 2630 Rappe
585 2588 619 2618 et
647 2583 848 2629 Wirestorp
877 2582 912 2617 in
941 2581 1158 2618 Smolandia.
